2662 3908
165 285 208 345 42
467 266 506 318 M.
531 259 652 316 rtrum
675 257 864 316 CICERONIS

167 425 269 485 virtute
289 436 319 486 et
340 427 480 504 sapientia
501 427 543 486 sic
563 427 693 486 munitus
714 435 768 496 est,
789 437 821 483 ut
842 422 924 482 nullo
946 431 1032 506 egeat
1052 439 1166 499 suaque

168 524 269 582 omnia
290 526 373 584 inse
393 525 459 600 ipso
479 526 574 600 posita
595 525 709 592 iudicet,
730 523 770 581 ita
790 523 820 580 in
841 521 973 580 amicitiis
993 521 1166 598 expetendis

169 621 355 698 colendisque
375 622 502 680 maxime
523 621 643 687 excellit.
686 620 766 693 Quid
788 610 887 678 enim?
915 617 1070 676 Africanus
1090 617 1167 676 indi-

169 737 242 794 gens
260 720 338 777 mei?
366 719 485 778 minime
504 719 639 778 hercule!
669 736 704 776 ac
724 735 762 776 ne
781 735 838 794 ego
857 715 977 793 quidem
995 715 1086 774 illius:
1113 713 1167 772 sed

170 835 227 892 ego
248 817 437 875 admiratione
457 817 585 893 quadam
603 816 712 874 virtutis
733 815 803 886 eius,
818 814 864 872 ille
878 812 1005 872 vicissim
1025 812 1167 898 opinione

170 913 293 972 fortasse
319 932 382 972 non
409 913 495 985 nulla,
520 913 609 990 quam
636 912 674 972 de
700 913 774 971 meis
798 911 929 971 moribus
957 911 1093 979 habebat,
1117 927 1167 967 me

171 1011 269 1070 dilexit
278 1031 288 1084 3
318 1012 398 1070 auxit
417 1011 650 1070 benevolentiam
670 1011 863 1069 consuetudo.
906 1009 966 1068 Sed
986 1024 1166 1085 quamquam

169 1108 305 1169 utilitates
318 1109 426 1168 multae
439 1119 469 1168 et
482 1126 608 1185 magnae
626 1119 801 1189 consecutae
820 1117 894 1178 sunt,
908 1124 971 1165 non
986 1115 1054 1165 sunt
1067 1114 1167 1164 tamen

170 1207 209 1264 ab
229 1225 327 1265 earum
346 1225 399 1284 spe
420 1224 525 1265 causae
543 1206 682 1283 diligendi
699 1206 863 1282 prolectae;
893 1215 925 1264 ut
944 1205 1023 1264 enim
1043 1203 1211 1261 benefici31

171 1305 361 1381 liberalesque
382 1322 492 1376 sumus,
506 1322 568 1364 non
586 1315 618 1363 ut
638 1304 789 1379 exigamus
809 1303 1070 1380 gratiam-neque
1087 1300 1168 1358 enim

171 1403 345 1461 beneficium
362 1402 551 1472 faeneramur,
566 1401 619 1461 sed
636 1411 739 1460 natura
755 1402 894 1478 propensi
914 1400 952 1458 ad
968 1399 1168 1458 liberalitatem

171 1519 320 1570 sumus-,
336 1501 377 1559 sic
396 1499 551 1558 amicitiam
566 1516 627 1557 non
641 1517 694 1576 spe
714 1499 858 1558 mercedis
875 1498 1002 1568 adducti,
1017 1496 1071 1556 sed
1085 1496 1168 1572 quod

171 1600 269 1659 omnis
293 1599 354 1656 eius
375 1598 483 1655 fructus
503 1597 534 1654 in
554 1597 620 1673 ipso
641 1616 741 1656 amore
761 1599 847 1669 inest,
868 1595 1063 1673 expetendam
1085 1602 1168 1669 puta·

172 1713 246 1754 mus.
287 1696 336 1754 Ab
359 1695 414 1766 his,
437 1695 487 1771 qui
506 1695 652 1772 pecudum
669 1696 724 1753 ritu
743 1695 781 1753 ad
802 1695 980 1770 voluptatem
1001 1693 1102 1752 omnia
1122 1709 1167 1748 re·
1176 1699 1220 1752 32
1314 1699 1317 1704 '

172 1774 275 1864 ierunt,
290 1795 378 1870 longe
392 1794 573 1865 dissentiunt,
587 1812 643 1852 nec
659 1794 781 1864 mirum;
803 1792 874 1850 nihil
888 1793 966 1850 enim
984 1791 1082 1861 altum,
1097 1788 1169 1846 nihil

172 1892 359 1968 magnificum
381 1910 415 1950 ac
436 1891 565 1950 divinum
586 1892 732 1967 suspicere
753 1900 886 1967 possunt,
908 1889 959 1966 qui
980 1907 1048 1949 suas
1071 1887 1169 1947 omnis

112 2009 114 2012 ·
173 1990 364 2066 cogitationes
385 1990 552 2048 abiecerunt
572 1988 602 2046 in
622 2007 684 2047 rem
707 1997 768 2047 tam
791 1988 931 2046 humilem
956 1997 1075 2062 tamque
1096 2004 1169 2044 con-

173 2096 321 2163 temptam.
363 2087 462 2160 Quam
479 2088 519 2146 ob
537 2105 598 2147 rem
616 2087 671 2145 hos
690 2087 809 2164 quidem
828 2086 944 2145 abhoc
965 2103 1102 2146 sermone
1123 2103 1170 2142 re·

173 2203 350 2256 moveamus,
376 2187 431 2260 ipsi
458 2195 557 2244 autem
583 2184 786 2260 intellegamus
813 2195 915 2243 natura
939 2184 1021 2259 gigni
1049 2200 1169 2242 sensum

175 2284 313 2358 diligendi
329 2294 358 2341 et
373 2284 592 2342 benevolentiae
611 2286 759 2343 caritatem
776 2284 853 2342 iacta
872 2284 1085 2360 significatione
1101 2298 1171 2358 pro-

175 2381 287 2440 bitatis:
309 2397 399 2456 quam
414 2380 464 2456 qui
483 2380 689 2456 adpetiverunt,
707 2381 854 2458 adplicant
876 2399 907 2439 se
927 2391 956 2439 et
975 2380 1097 2456 propius
1118 2377 1170 2436 ad·

174 2486 301 2547 movent,
316 2486 390 2535 utet
406 2496 461 2536 usu
480 2478 550 2548 eius,
564 2496 652 2554 quem
672 2478 792 2555 diligere
814 2489 983 2555 coeperunt,
998 2479 1128 2536 fruantur
1142 2486 1172 2534 et

175 2575 323 2645 moribus;
346 2586 468 2650 suntque
482 2593 567 2650 pares
584 2577 615 2634 in
633 2594 733 2635 amore
752 2587 781 2636 et
800 2578 934 2654 aequales
951 2576 1171 2653 propensiores·

176 2691 234 2750 que
248 2672 285 2730 ad
304 2672 379 2730 bene
399 2673 570 2731 merendum
587 2693 676 2750 quam
695 2675 734 2734 ad
752 2676 976 2752 reposcendum,
991 2685 1079 2751 atque
1098 2674 1172 2732 haec

177 2772 318 2828 intereos
335 2779 380 2827 est
399 2768 522 2828 honesta
540 2772 669 2830 certatio.
713 2770 761 2830 Sic
781 2774 810 2832 et'
831 2773 965 2832 utilitates
985 2789 1024 2830 ex
1044 2772 1173 2830 amicitia

177 2865 322 2925 maximae
336 2865 485 2940 capientur
502 2876 531 2925 et
544 2869 597 2927 erit
610 2869 672 2927 eius
686 2881 767 2929 ortus
781 2890 799 2929 a
818 2882 921 2929 natura
934 2888 1023 2947 quam
1038 2871 1076 2928 ab
1089 2870 1174 2928 inbe-

178 2962 291 3021 cillitate
309 2962 422 3036 gravior
440 2972 469 3021 et
487 2964 581 3022 verior
591 2984 600 3036 3
625 2983 695 3024 nam
716 2967 741 3026 si
760 2967 866 3025 utilitas
887 2968 1030 3026 amicitias
1050 2961 1175 3042 conglu-

178 3061 288 3128 tinaret,
303 3057 406 3116 eadem
420 3071 598 3119 commutata
612 3061 788 3134 dissolveret,
803 3065 855 3123 sed
869 3066 938 3140 quia
951 3073 1054 3123 natura
1068 3061 1182 3123 mutari

178 3174 240 3215 non
251 3164 355 3230 potest,
369 3155 476 3214 idcirco
490 3175 572 3216 verae
586 3158 728 3219 amicitiae
742 3162 935 3237 sempiternae
949 3172 1024 3222 sunt.
1068 3161 1175 3222 Ortum

180 3250 297 3327 quidem
311 3251 452 3310 amicitiae
466 3253 576 3325 videtis,
590 3255 645 3312 nisi
659 3257 728 3330 quid
742 3257 779 3314 ad
793 3256 865 3316 haec
880 3258 953 3317 forte
967 3258 1060 3318 voltis.

221 3347 315 3404 Fann.
336 3347 385 3406 Tu
398 3366 466 3407 vero
480 3368 576 3426 perge,
591 3350 689 3424 Laeli3
710 3371 765 3430 pro
779 3354 837 3412 hoc
855 3355 943 3428 enirn,
958 3357 1009 3432 qui
1022 3357 1119 3415 minor
1131 3366 1177 3416 est

180 3454 259 3512 natu,
273 3461 341 3502 meo
355 3445 414 3504 iure
427 3446 600 3522 respondeo.

222 3538 317 3598 Scaea.
339 3540 430 3600 Recte
444 3551 475 3600 tu
489 3543 621 3619 quidem:
644 3564 731 3622 quam
746 3549 861 3607 obrem
875 3551 1037 3610 audiamus.
1187 3554 1230 3608 33
