2662 3908
171 242 213 323 56
477 245 517 295 n.
542 243 660 294 ruam!
683 212 889 293 crosnorus'

173 406 280 464 tatibus
299 405 337 464 ad
351 405 475 480 volgaris
495 404 636 463 amicitias
651 401 744 461 oratio
759 410 858 461 nostra
873 401 1021 460 delabitur.
1064 397 1167 458 Erum·

110 507 112 511 ⁴
174 514 248 578 punt
276 522 365 579 saepe
386 504 455 561 vitia
477 501 638 560 amicorum
661 511 724 558 turn
746 500 776 558 in
801 501 882 576 ipsos
906 499 1027 569 amicos,
1052 507 1114 554 tum
1138 497 1169 554 in

175 601 294 671 alienos,
316 618 439 676 quorum
461 609 560 656 tamen
580 597 619 656 ad
640 598 752 655 amicos
772 595 915 655 redundet
935 594 1074 653 infamia:
1097 593 1169 651 tales

175 697 260 771 igitur
274 696 464 753 amicitiaeu
431 714 445 754 s
574 695 683 754 rssione
696 713 766 753 usus
781 693 921 752 eluendae
924 703 972 790 ,et
984 702 1015 751 ut
1026 689 1069 749 Ca
1102 707 1170 747 nem

176 794 270 851 dicere
298 793 402 861 audivi,
431 695 604 852 didiezndae
632 793 726 868 magis
754 811 843 869 quam
872 758 1113 858 discindendae,
1114 786 1172 844 nisi

176 889 320 966 quaedam
348 889 509 947 admodum
533 890 749 948 intolerabilis
742 891 844 948 iniuria
865 889 1009 959 exarserit,
1024 896 1055 944 ut
1074 901 1171 960 neque

176 997 287 1045 rectum
309 1003 405 1062 neque
429 986 586 1045 honesturn
611 988 648 1046 sit
668 1006 724 1046 nec
745 987 805 1047 fieri
825 988 919 1063 possit
938 997 970 1044 ut
991 1003 1053 1043 non
1073 983 1170 1041 statim
1265 974 1267 976 ’

177 1083 311 1142 alienatio
327 1083 540 1158 disiunctioque
555 1082 690 1142 faciunda
710 1086 753 1142 sit.
797 1083 849 1142 Sin
868 1093 965 1142 autem
987 1092 1036 1140 aut
1055 1096 1171 1138 morum
1180 1083 1222 1138 77

178 1192 227 1240 aut
248 1180 409 1238 studiorum
423 1181 613 1238 commutatio
628 1181 781 1256 quaedam,
796 1191 828 1241 ut
847 1182 909 1240 fieri
929 1181 1010 1250 solet,
1024 1179 1099 1236 sacta
1117 1175 1172 1234 erit

178 1287 227 1336 aut
248 1278 279 1334 in
298 1278 339 1335 rei
362 1278 496 1353 publicae
518 1279 647 1354 partibus
668 1280 811 1337 dissensio
836 1276 1172 1350 intercesserit-loquor

178 1375 257 1432 enirn
277 1375 345 1444 iam,
366 1385 398 1432 ut
418 1376 506 1450 paulo
528 1385 595 1434 ante
617 1375 686 1447 dixi,
708 1394 771 1435 non
793 1377 830 1435 de
855 1375 1039 1452 sapientium,
1061 1372 1114 1430 sed
1134 1371 1172 1428 de

178 1471 383 1529 communibus
397 1473 580 1543 amicitiis—,
596 1474 759 1532 cavendum
778 1474 831 1532 erit
851 1490 889 1531 ne
908 1490 971 1530 non
989 1471 1085 1529 solum
1099 1469 1172 1526 ami·

178 1569 261 1628 citiae
282 1569 440 1644 depositae,
462 1569 514 1628 sed
535 1571 621 1627 etiam
642 1571 807 1630 inimicitiae
832 1578 983 1646 susceptae
1003 1568 1170 1636 videantur;

179 1665 250 1723 nihil
264 1666 342 1723 enim
357 1677 400 1724 est
420 1667 529 1742 turpius
542 1685 631 1743 quam
651 1687 718 1726 curn
737 1687 773 1727 eo
792 1669 898 1727 bellurn
919 1685 1028 1743 gerere,
1043 1681 1173 1741 quocum

180 1763 352 1821 familiariter
373 1764 484 1822 vixeris.
525 1767 574 1823 Ab
596 1767 722 1825 amicitia
743 1765 781 1838 Q.
804 1765 937 1841 Pompeii
961 1782 1028 1822 meo
1052 1763 1173 1822 nomine

180 1877 212 1917 se
232 1871 400 1931 removerat,
416 1870 447 1918 ut
468 1861 554 1932 scitis,
571 1862 679 1938 Scipio,
694 1875 814 1940 propter
832 1864 1045 1922 dissensionem
1066 1871 1172 1929 autem,

180 1976 255 2034 quae
274 1968 334 2016 erat
354 1959 385 2015 in
404 1978 436 2017 re
457 1960 581 2035 publica,
597 1961 736 2020 alienatus
757 1971 801 2020 est
822 1981 840 2020 a
858 1962 972 2038 collega
993 1969 1093 2018 nostro
1107 1957 1172 2016 Me-

181 2055 266 2114 tello:
288 2065 440 2132 utnrmque
454 2058 514 2132 egit
532 2059 663 2132 graviter,
678 2060 848 2118 auctoritate
862 2070 892 2117 et
905 2059 1070 2117 offensione
1084 2056 1174 2116 animi

180 2170 242 2210 non
262 2155 373 2211 acerba.
416 2153 515 2225 Quam
537 2155 577 2211 ob
597 2173 659 2212 rem
679 2156 806 2230 primum
831 2155 930 2214 danda
953 2174 1044 2232 opera
1068 2165 1113 2214 est
1135 2162 1226 2217 ne78

181 2266 239 2324 qua
263 2248 422 2307 amicorum
444 2249 563 2307 discidia
586 2251 672 2321 fiant;
704 2252 749 2310 sin
774 2252 830 2310 tale
852 2252 961 2327 aliquid
983 2252 1117 2324 evenerit,
1142 2261 1174 2310 ut

180 2347 340 2404 exstinctae
359 2347 456 2422 potius
475 2346 617 2405 amicitiae
636 2366 724 2424 quarn
743 2365 903 2424 oppressae
917 2349 1074 2408 videantur.
1115 2346 1174 2406 Ca-

181 2443 307 2500 vendum
327 2461 395 2500 vero
420 2443 567 2500 ucetiam
591 2444 622 2501 in
646 2445 741 2519 gravis
764 2446 926 2504 inimicitias
948 2456 1119 2506 convertant
1142 2463 1175 2505 se

182 2541 332 2609 amicitiae,
341 2557 377 2596 ex
389 2540 493 2615 quibus
507 2539 606 2615 iurgia,
618 2542 778 2615 maledicta,
790 2544 984 2602 contumeliae
996 2545 1174 2621 gignuntur;

182 2655 256 2713 quae
269 2647 367 2694 tamen
386 2637 410 2694 si
427 2635 588 2695 tolerabiles
608 2650 698 2710 erunt,
713 2641 851 2701 ferundae
872 2653 940 2702 sunt
960 2652 989 2701 et
1009 2643 1057 2702 hic
1078 2643 1176 2702 honos

182 2733 271 2790 veteri
287 2733 430 2790 amicitiae
444 2732 620 2804 tribuendus,
635 2745 667 2792 ut
684 2736 709 2794 is
727 2736 757 2793 in
774 2738 859 2813 culpa
878 2740 923 2810 sit,
939 2740 989 2816 qui
1002 2740 1098 2812 faciat,
1112 2759 1176 2799 non

181 2830 215 2900 is,
231 2829 280 2902 qui
294 2829 415 2904 patiatur
428 2829 569 2886 iniuriam.

223 2923 354 2983 Omnino
379 2925 511 2982 omniurn
533 2925 637 2984 horurn
659 2928 790 2990 vitiorum
811 2943 898 3009 atque
919 2936 1177 2996 incommodorum

181 3041 240 3080 una
255 3023 350 3079 cautio
365 3031 408 3080 est
429 3030 529 3097 atque,
531 3039 590 3080 una
608 3027 743 3099 provisio,
759 3039 790 3086 ut
811 3049 849 3088 ne
870 3033 956 3092 nimis
978 3034 1036 3092 cito
1058 3034 1178 3111 diligere

18 3119 320 3194 (9)Misce1··incipiant
348 3138 420 3176 neve
448 3137 509 3177 non
537 3119 652 3196 dignos.
701 3123 792 3200 Digni
819 3139 917 3187 autem
945 3143 1013 3190 sunt
1041 3133 1177 3206 amicitia,
1185 3135 1229 3190 79

16 3199 134 3317 {ffinlffi
184 3217 316 3295 quibus
308 3235 340 3274 rn
360 3217 430 3291 ipsis
451 3218 526 3277 inest
547 3237 635 3278 causa
655 3239 706 3280 cur
726 3223 889 3298 diligantur.
932 3229 1043 3289 Rarum
1065 3238 1176 3311 genus!

17 3327 94 3386 ς879
65 3295 151 3382 7-8’8.
185 3325 213 3373 et
237 3314 355 3388 quidem
379 3317 478 3373 omnia
505 3318 651 3391 praeclara
677 3337 749 3391 rara,
771 3340 827 3380 nec
852 3326 1009 3402 quicquam
1035 3330 1179 3392 difficilius

185 3430 272 3488 quam
295 3413 419 3488 reperire
439 3413 517 3488 quod
539 3414 574 3471 sit
594 3417 675 3472 omni
696 3436 732 3476 ex
753 3431 834 3494 parte
856 3422 886 3478 in
907 3441 962 3482 suo
983 3443 1092 3500 genere
1114 3448 1178 3505 per-

183 3513 299 3572 lectum.
343 3510 402 3569 Sed
426 3511 554 3588 plerique
579 3530 674 3590 neque
698 3515 728 3573 in
751 3519 836 3576 rebus
857 3519 992 3582 humanis
1018 3525 1178 3603 quicquam
