2662 3908
545 269 592 320 DE
615 266 794 318 AMICITIA.
1123 285 1165 344 41

162 430 241 489 verti
254 437 360 507 potest,
374 447 448 506 quae
463 447 500 488 ex
515 447 547 489 se
561 438 646 488 natos
664 429 705 488 ita
722 437 821 488 amant
836 426 873 487 ad
889 423 1037 505 quoddam
1051 435 1166 503 tempus

164 538 198 586 et
212 529 251 586 ab
264 529 306 586 eis
319 528 359 586 ita
373 535 515 598 amantur,
529 535 562 584 ut
576 526 659 586 facile
674 544 774 584 earum
793 535 896 585 sensus
909 526 1063 602 adpareat:
1085 523 1167 600 quod

164 625 199 683 in
214 625 333 684 homine
347 625 439 684 multo
454 633 499 683 est
517 623 685 695 evidentius,
699 625 827 699 primum
845 643 883 682 ex
902 642 938 682 ea
952 624 1077 694 caritate,
1092 639 1167 697 quae

166 733 215 782 est
228 723 303 782 inter
316 733 401 781 natos
415 733 445 781 et
458 733 601 798 parentes
616 740 691 797 quae
706 722 801 780 dirimi
815 721 869 779 nisi
884 721 1045 780 detestabili
1060 721 1168 794 scelere

167 839 232 880 non
245 831 350 898 potest,
365 821 470 880 deinde
485 839 553 879 cum
570 821 670 878 similis
690 838 793 879 sensus
812 821 920 879 exstitit
942 820 1058 892 amoris,
1073 819 1097 878 si
1116 819 1167 878 ali-

169 938 259 995 quem
274 920 353 978 nacti
367 937 476 988 sumus,
487 920 569 978 cuius
584 937 651 977 cum
661 919 791 977 moribus
806 928 835 976 et
848 926 951 977 natura
962 935 1168 995 congruamus,

171 1017 252 1093 quod
265 1018 296 1075 in
310 1034 347 1075 eo
361 1016 444 1092 quasi
463 1017 563 1074 lumen
582 1015 698 1092 aliquod
718 1015 868 1092 probitatis
889 1025 918 1074 et
932 1017 1039 1074 virtutis
1057 1017 1168 1092 perspi-

114 1123 238 1175 28cere
252 1115 410 1175 videamur.
452 1115 532 1172 Nihil
547 1124 591 1173 est
610 1115 689 1172 enim
704 1115 805 1171 virtute
825 1113 984 1184 amabilius,
1000 1113 1071 1171 nihil
1087 1113 1168 1190 quod

170 1214 266 1288 magis
285 1213 400 1273 adliciat
419 1214 457 1272 ad
476 1212 664 1288 diligendum,
680 1211 788 1286 quippe
809 1229 877 1269 cum
896 1221 1015 1287 propter
1035 1211 1167 1271 virtutem

171 1321 201 1370 et
222 1311 395 1386 probitatem
416 1311 504 1370 etiam
525 1329 585 1382 eos,
608 1329 682 1387 quos
704 1328 864 1386 numquam
885 1309 1016 1381 vidimus,
1038 1311 1167 1386 quodam

170 1409 263 1467 modo
288 1408 451 1484 diligamus.
494 1409 569 1482 Quis
594 1417 639 1467 est
660 1408 709 1484 qui
730 1406 764 1466 C.
779 1407 911 1476 Fabricii,
934 1406 986 1465 Μ’.
1002 1408 1081 1492 Curii
1105 1425 1168 1467 non

171 1524 240 1564 cum
254 1507 371 1564 caritate
385 1507 481 1583 aliqua
494 1507 637 1565 benevola
655 1505 829 1564 memoriam
848 1515 974 1580 usurpet,
990 1523 1065 1581 quos
1084 1523 1168 1563 num·

172 1621 263 1680 quam
283 1604 403 1662 viderit?
435 1603 510 1676 Quis
529 1615 626 1662 autem
648 1604 758 1679 estqui
779 1603 973 1678 Tarquinium
996 1601 1168 1679 Superbum,

172 1701 223 1777 qui
244 1700 293 1778 Sp.
316 1701 459 1771 Cassium,
481 1701 532 1778 Sp.
553 1700 693 1759 Maelium
713 1719 775 1758 non
796 1700 909 1758 oderit?
955 1698 1031 1758 Cum
1052 1699 1167 1760 duobus

173 1800 296 1858 ducibus
311 1800 347 1858 de
362 1799 483 1874 imperio
498 1799 528 1856 in
546 1798 629 1856 Italia
648 1808 693 1857 est
713 1798 900 1867 decertatum,
914 1797 1025 1873 Pyrrho
1039 1806 1068 1855 et
1081 1796 1168 1856 Han-

172 1897 285 1955 nibale:
306 1897 344 1954 ab
358 1896 447 1954 altero
465 1905 583 1972 propter
600 1895 774 1972 probitatem
794 1894 856 1952 eius
870 1911 930 1951 non
948 1894 1034 1952 nimis
1057 1893 1167 1953 alienos

172 1995 288 2052 animos
301 1993 451 2066 habemus,
466 1993 587 2052 alterurn
604 2001 722 2069 propter
742 1992 940 2051 crudelitatem
960 2008 1077 2067 semper
1094 1990 1167 2051 haec

173 2092 273 2150 civitas
287 2092 389 2150 oderit.

123 2193 167 2248 29
215 2191 243 2249 9.
275 2188 365 2261 Quod
380 2189 403 2246 si
417 2198 497 2248 tanta
510 2189 552 2247 vis
567 2187 717 2263 probitatis
731 2199 782 2260 est,
797 2197 829 2247 ut
843 2206 908 2248 eam
922 2187 968 2246 vel
981 2187 1012 2245 in
1026 2183 1077 2259 eis,
1091 2205 1167 2264 quos

172 2304 332 2362 numquam
346 2285 478 2354 vidimuS,
492 2283 546 2354 vel,
562 2287 643 2362 quod
662 2287 755 2344 maius
775 2298 826 2358 est,
843 2288 872 2345 in
891 2286 976 2344 hoste
997 2286 1085 2344 etiam
1107 2285 1168 2343 dili-

172 2401 285 2459 gamuS,
299 2383 368 2458 quid
387 2384 492 2440 mirum
514 2391 566 2453 est,
581 2384 604 2441 si
623 2383 712 2440 animi
733 2383 887 2442 hominum
906 2391 1087 2452 moveantur,
1101 2399 1169 2440 cum
1194 2443 1207 2462 ‚

172 2498 282 2551 eorum,
303 2481 475 2557 quibuscum
499 2498 555 2539 usu
580 2482 727 2540 coniuncti
749 2499 813 2540 esse
835 2491 966 2558 possunt,
987 2481 1119 2539 virtutem
1140 2489 1170 2538 et

172 2578 332 2636 bonitatem
360 2579 523 2654 perspicere
551 2579 719 2637 videantur?
766 2580 954 2656 Quamquam
983 2578 1170 2638 confirmatur

173 2693 255 2733 amor
269 2685 297 2735 et
308 2676 452 2734 beneficio
467 2686 590 2752 accepto
601 2687 630 2736 et
644 2676 740 2736 studio
755 2688 909 2753 perspecto
921 2687 949 2736 et
960 2675 1169 2736 consuetudine

173 2773 317 2844 adiuncta,
339 2774 444 2848 quibus
469 2774 555 2832 rebus
580 2774 618 2831 ad
641 2774 720 2832 illum
744 2775 870 2850 primum
895 2783 1008 2832 motum
1029 2774 1119 2832 animi
1140 2782 1170 2831 et

172 2872 279 2930 amoris
290 2871 423 2930 adhibitis
435 2871 610 2930 admirabilis
622 2873 766 2948 quaedam
777 2872 939 2930 exardescit
950 2870 1169 2930 benevolentiae

171 2969 344 3044 magnitudo
353 2987 362 3040 ;
384 2987 472 3044 quarn
488 2970 511 3027 si
525 2970 575 3044 qui
592 2979 695 3044 putant
715 2970 754 3027 ab
770 2968 955 3027 inbecillitate
970 2967 1123 3044 proficisci,
1138 2975 1170 3024 ut

172 3066 210 3123 sit
230 3083 282 3141 per
303 3084 391 3142 quem
413 3065 588 3142 adsequatur
609 3065 690 3142 quod
711 3066 835 3143 quisque
857 3065 1009 3137 desideret,
1030 3063 1169 3122 humilem

172 3179 242 3221 sane
263 3163 427 3239 relinquunt
447 3173 476 3223 et
496 3164 616 3222 minime
637 3182 821 3240 generosum,
838 3174 870 3222 ut
891 3165 930 3222 ita
951 3163 1055 3234 dicam,
1073 3170 1169 3219 ortum

171 3261 321 3330 amicitiae,
347 3280 436 3337 quarn
458 3280 494 3320 ex
516 3262 615 3338 inopia
635 3270 722 3338 atque
748 3261 906 3338 indigentia
927 3272 1026 3319 natam
1049 3259 1166 3318 volunt:

172 3357 253 3434 quod
267 3359 292 3418 si
301 3359 345 3416 ita
359 3368 443 3429 esset,
457 3369 489 3416 ut
503 3359 625 3435 quisque
639 3359 792 3416 minimum
807 3377 871 3417 esse
886 3360 916 3416 in
931 3377 962 3417 se
977 3359 1168 3428 arbitraretur,

125 3456 212 3514 30ita
225 3456 262 3514 ad
277 3457 432 3514 amicitiam
448 3467 524 3514 esset
541 3456 714 3532 aptissimus,
731 3456 812 3531 quod
826 3455 915 3532 longe
934 3473 1018 3515 secus
1034 3464 1085 3514 est.
1128 3453 1169 3512 Ut
1237 3477 1239 3480 ·

172 3553 250 3612 enim
270 3553 392 3632 quisque
412 3553 466 3612 sibi
484 3553 641 3631 plurimum
658 3553 780 3612 confidit
800 3561 829 3612 et
846 3564 878 3611 ut
898 3554 1019 3630 quisque
1041 3553 1168 3612 maxime
