2662 3908
413 273 415 276 -
510 254 558 302 nr
579 250 759 302 auroram.
1101 257 1143 322 39

137 432 185 473 res
210 413 420 489 splendidiores
444 412 512 472 facit
536 411 660 472 amicitia
688 420 716 469 et
744 408 878 470 adversas
901 406 1028 486 partiens
1052 421 1131 464 com·

139 511 349 587 municansque
363 511 491 569 leviores
1005 493 1007 498 ¹

87 618 131 672 23
180 608 208 666 7.
233 608 367 685 Cumque
387 607 525 684 plurimas
549 618 578 667 et
598 609 741 670 maximas
765 605 987 666 commoditates
1008 599 1133 663 amicitia

140 706 296 775 contineat,
311 714 372 762 tum
393 703 440 763 illa
461 704 597 761 nimirum
618 713 745 780 praestat
764 705 908 774 omnibuS,
923 702 1004 780 quod
1022 703 1132 760 bonam

141 821 224 879 spem
237 801 383 877 praelucet
401 801 431 859 in
450 811 600 876 posterum
614 819 669 860 nec
684 801 824 860 debilitari
838 802 952 860 animos
967 811 1015 860 aut
1029 798 1132 859 cadere

139 901 263 976 patitur;
294 899 504 958 verumetiam
528 900 653 958 amicum
676 900 726 975 qui
753 899 885 971 intuetur,
909 889 1060 975 tamquam
1085 915 1133 954 ex·

136 996 252 1072 ¹emplar
265 995 381 1072 aliquod
395 997 522 1059 intuetur
536 997 586 1056 sui
630 996 778 1069 Quocirca
792 1007 821 1055 et
835 999 969 1056 absentes
984 995 1089 1054 adsunt
1105 1004 1134 1052 et

53 1093 56 1100 '
140 1101 261 1169 egentes
275 1093 424 1152 abundant
443 1103 471 1153 et
489 1093 614 1152 inbecilli
627 1093 723 1152 valent
744 1105 781 1164 et,
795 1094 876 1170 quod
895 1093 1036 1152 difficilius
1056 1091 1134 1150 dictu

140 1199 193 1262 est,
214 1191 320 1250 mortui
340 1191 437 1248 vivunt
450 1199 576 1250 :tantus
597 1209 649 1250 eos
670 1191 776 1263 honos,
796 1193 945 1263 memoria,
961 1188 1134 1250 desiderium
1162 1233 1164 1238 ,

140 1289 325 1365 prosequitur
346 1289 522 1361 amicorum;
545 1308 582 1348 ex
603 1307 662 1366 quo
684 1289 798 1349 illorum
816 1290 902 1349 beata
921 1273 1001 1348 mo‘rs
1015 1288 1134 1358 videtur,

141 1387 247 1444 horum
263 1387 321 1444 vita
340 1386 496 1447 laudabilis.
539 1386 630 1459 Quod
652 1388 675 1446 si
697 1387 839 1446 exemeris
859 1407 896 1447 ex
917 1405 1012 1446 rerum
1033 1396 1134 1444 natura

142 1483 618 1556 benevolentiaeconiunctionem,
635 1485 810 1568 nec-domus
824 1486 882 1544 ulla
900 1504 955 1545 nec
969 1486 1039 1543 urbs
1061 1494 1134 1544 stare

144 1583 257 1656 poterit,
281 1599 319 1640 ne
346 1582 408 1658 agri
432 1581 550 1658 quidem
574 1576 670 1642 'cultus
694 1585 884 1659 permanebit.
926 1583 962 1641 Id
987 1584 1012 1642 si
1038 1583 1134 1642 minus

145 1679 323 1756 intellegitur,
344 1680 515 1756 quantavis
536 1681 678 1739 amicitiae
699 1682 929 1758 concordiaeque
951 1682 995 1754 sit,
1018 1700 1055 1740 ex
1076 1681 1134 1738 dis-

144 1778 327 1838 sensionibus
346 1786 432 1854 atque
451 1796 487 1837 ex
506 1778 657 1839 discordiis
678 1778 802 1856 perspici
823 1789 938 1855 potest:
960 1798 1035 1856 quae
1055 1779 1133 1838 enim

144 1878 248 1935 domus
269 1885 328 1934 tam
353 1877 468 1948 stabilis,
491 1895 565 1953 quae
589 1887 649 1935 tam
672 1878 755 1936 firma
776 1877 874 1936 civitas
895 1887 947 1948 est,
970 1896 1045 1953 quae
1072 1895 1134 1935 non

143 1974 218 2033 odiis
239 1984 268 2034 et
293 1974 418 2033 discidiis
443 1974 569 2033 funditus
594 1975 686 2050 possit
708 1975 817 2034 everti?
847 1994 884 2033 ex
908 1992 968 2051 quo
993 1984 1134 2051 quantum

91 2075 136 2128 24
144 2069 213 2126 boni
233 2069 268 2129 sit
288 2069 318 2127 in
339 2069 464 2127 amicitia
485 2068 603 2127 iudicari
624 2078 729 2144 potest.
771 2069 995 2144 Agrigentinum
1016 2068 1134 2145 quidem

143 2163 262 2222 doctum
297 2163 443 2240 quendam
471 2162 563 2220 virum
597 2163 773 2222 carminibus
801 2161 922 2222 Graecis
949 2163 1134 2220 vaticinatum

144 2261 246 2330 lerunt,
269 2278 344 2337 quae
371 2261 402 2318 in
429 2277 524 2318 rerum
551 2270 655 2318 natura
681 2269 803 2337 totoque
830 2261 942 2319 mundo
970 2272 1134 2322 constarent

145 2375 277 2433 quaeque
291 2367 479 2430 moverentur,
496 2377 531 2416 ea
549 2358 719 2417 contrahere
739 2358 902 2425 amicitiam,
919 2357 1058 2434 dissipare
1078 2360 1135 2418 dis·

145 2455 292 2526 cordiam;
314 2464 399 2531 atque
420 2454 477 2514 hoc
494 2455 614 2531 quidem
635 2473 739 2514 omnes
760 2455 897 2514 mortales
918 2465 946 2513 et
967 2456 1135 2533 intellegunt

133 2563 174 2624 ¹et
195 2553 377 2629 reprobant
421 2553 532 2629 Itaque,
554 2553 578 2611 si
600 2553 718 2630 quando
740 2552 857 2630 aliquod
878 2553 1007 2612 officium
1028 2556 1135 2614 exstitit
1164 2587 1169 2627 ,ι

146 2650 230 2710 amici
248 2652 279 2708 in
292 2650 426 2726 periculis
440 2660 489 2708 aut
508 2650 650 2710 adeundis
663 2661 714 2709 aut
733 2651 993 2721 communicandis,
1008 2653 1072 2728 quis
1091 2663 1136 2714 est
1163 2634 1165 2655 Ι

37 2693 138 2826 las
146 2749 196 2825 qui
217 2748 247 2806 id
266 2765 328 2806 non
348 2748 483 2806 maximis
504 2749 604 2808 efferat
632 2749 784 2808 laudibus?
820 2749 880 2821 Qui
905 2749 1047 2810 clamores
1074 2762 1136 2811 tota

146 2865 233 2905 cavea
246 2863 339 2920 nuper
352 2847 382 2902 in
397 2845 518 2922 hospitis
533 2856 562 2904 et
575 2847 662 2905 amici
676 2847 734 2904 mei
748 2846 791 2904 M.
801 2846 918 2905 Pacuvii
933 2865 1009 2906 nova
1022 2848 1134 2910 fabula!

146 2963 222 3015 cum,
243 2945 395 3019 ignorante
416 2962 485 3020 rege
505 2955 569 3003 uter
586 2944 704 3004 Orestes
724 2951 797 3015 esset,
812 2945 934 3020 Pylades
948 2944 1083 3004 Orestem
1105 2966 1137 3006 se

146 3061 211 3102 esse
225 3043 340 3110 diceret,
355 3052 385 3100 ut
399 3060 454 3118 pro
468 3042 516 3100 illo
531 3053 689 3114 necaretur,
706 3042 825 3102 Orestes
844 3054 949 3114 autem,
964 3044 1003 3102 ita
1016 3054 1048 3102 ut
1067 3055 1135 3113 erat,

147 3141 282 3200 Orestem
310 3157 342 3198 se
369 3158 433 3197 esse
458 3150 660 3216 perseveraret
705 3139 819 3200 Stantes
845 3142 1021 3218 plaudebant
1049 3141 1078 3198 in
1105 3160 1136 3199 re

146 3237 231 3297 ficta:
262 3237 333 3312 quid
357 3238 526 3296 arbitramur
546 3238 576 3295 in
598 3257 666 3298 vera
686 3238 811 3299 facturos
833 3240 942 3298 fuisse?
972 3238 1068 3298 Facile
1092 3238 1135 3295 in-

146 3335 261 3393 dicabat
281 3335 345 3410 ipsa
368 3345 470 3393 natura
490 3335 547 3392 vim
570 3353 660 3406 suam,
686 3355 753 3395 cum
777 3337 919 3406 homines,
940 3336 1021 3412 quod
1042 3334 1135 3393 facere

146 3432 202 3509 ipsi
216 3431 276 3490 uon
290 3441 418 3507 possent,
429 3433 459 3491 id
470 3444 546 3492 recte
561 3433 621 3491 fieri
636 3435 666 3491 in
680 3435 771 3492 altero
784 3435 951 3492 iudicarent.
985 3432 1135 3492 Hactenus

145 3529 217 3588 milti
236 3529 334 3588 videor
355 3529 391 3588 de
417 3529 542 3588 amicitia
563 3530 633 3606 quid
658 3531 804 3600 sentirem,
825 3528 955 3605 potuisse
975 3522 1085 3589 dicere:
1110 3532 1136 3590 si
