2662 3908
182 227 245 320 ,62
503 240 542 290 M.
568 237 688 289 rotari
710 240 900 289 arcanorum

139 403 161 453 >
202 409 325 476 oportet,
339 417 413 476 quae
434 409 495 459 tota
508 400 625 460 veritate
645 401 852 478 perpenditur?
873 401 904 458 in
923 418 980 477 qua
997 399 1061 469 nisi,
1076 408 1108 458 ut
1127 399 1196 459 dici-

202 506 256 566 tur,
278 509 410 574 apertum
434 509 535 574 pectus
557 499 656 557 videas
679 509 818 575 tuumque
841 497 985 575 ostendas,
1007 497 1078 556 nihil
1096 497 1195 566 fidum,

202 594 273 652 nihil
293 595 476 671 exploratum
496 595 613 666 habeas,
633 613 671 654 ne
691 613 787 654 amare
808 597 926 672 quidem
947 603 995 653 aut
1016 595 1197 666 americum

202 692 233 751 id
260 711 348 770 quam
375 712 442 753 vere
469 693 519 752 fiat
548 694 672 770 ignores
714 692 902 771 Quamquam
936 693 991 752 ista
1025 692 1197 763 adsentatiO,

203 793 332 868 quamvis
349 792 513 868 perniciosa
534 791 578 860 sit,
593 809 700 850 nocere
721 800 818 850 tamen
835 791 945 850 nemini
965 799 1063 868 potest
1084 789 1140 847 nisi
1161 789 1197 862 ei,

203 889 253 965 qui
273 908 339 948 eam
355 891 456 966 recipit
476 899 562 966 atque
584 906 619 947 ea
640 888 803 950 delectatur.
845 887 890 947 Ita
911 889 994 947 litut
1015 889 1040 948 is
1061 887 1198 946 adsenta-

202 989 312 1047 toribus
326 989 480 1067 patefaciat
494 989 570 1048 auris
585 1006 651 1047 suas
667 989 801 1059 maxime,
817 988 866 1066 qui
882 987 944 1065 ipse
959 986 1013 1045 sibi
1032 985 1198 1044 adsentatur

202 1096 232 1144 et
249 1104 280 1146 se
298 1089 424 1146 maxime
442 1088 505 1164 ipse
525 1087 655 1147 delectet.
698 1087 828 1148 Omnino
848 1098 892 1147 est
911 1104 1012 1146 amans
1032 1085 1076 1144 sui
1090 1085 1177 1143 virtus
1187 1093 1248 1158 ;98

202 1193 322 1259 optume
343 1186 421 1243 enim
439 1205 470 1246 se
488 1186 552 1262 ipsa
571 1187 651 1244 novit
666 1177 814 1265 quamque
834 1186 965 1246 amabilis
984 1185 1020 1244 sit
1038 1182 1195 1259 intellegit:

202 1299 260 1356 ego
288 1293 384 1342 autem
411 1301 473 1342 non
501 1283 538 1342 de
565 1285 666 1344 virtute
694 1303 773 1344 nunc
800 1286 912 1360 loquor,
942 1282 993 1343 sed
1022 1282 1059 1342 de
1086 1281 1198 1340 virtutis

202 1380 349 1454 opinione.
390 1379 504 1440 Virtute
526 1383 604 1440 enim
628 1383 692 1459 ipsa
715 1400 776 1441 non
801 1393 860 1441 tam
884 1382 965 1440 multi
987 1381 1109 1458 praediti
1131 1398 1201 1438 esse.

202 1494 290 1552 quam
304 1477 393 1535 videri
406 1479 521 1538 volunt:
543 1479 598 1538 hos
614 1481 737 1540 delectat
754 1480 924 1552 adsentati0,
938 1479 983 1538 his
1001 1480 1085 1538 fictus
1099 1477 1137 1536 ad
1151 1478 1196 1553 ip·

202 1593 301 1633 sorum
325 1576 501 1635 voluntatem
529 1595 625 1637 sermo
648 1596 716 1637 cum
741 1579 901 1649 adhibetur,
925 1578 1088 1636 orationem
1117 1575 1196 1633 illam

201 1691 305 1730 vanam
322 1673 519 1732 testimonium
537 1694 600 1735 esse
619 1676 736 1735 laudum
754 1694 869 1736 suarum
887 1685 997 1752 putant.
1041 1673 1129 1734 Nulla
1150 1682 1194 1731 est

201 1772 286 1847 igitur
305 1771 378 1830 haec
398 1773 532 1843 amicitia,
546 1792 613 1832 cum
635 1774 705 1832 alter
723 1792 822 1833 verum
842 1773 941 1832 audire
958 1791 1018 1832 non
1035 1772 1103 1843 volt,
1123 1771 1195 1828 alter

201 1871 239 1927 ad
253 1870 451 1929 mentiendum
465 1881 582 1948 paratus
596 1881 647 1932 est
691 1871 756 1932 Nec
775 1873 969 1948 parasitorum
989 1872 1019 1929 in
1034 1868 1196 1929 comoediis

200 1967 362 2026 adsentatio
376 1966 469 2026 faceta
482 1969 567 2027 nobis
580 1969 729 2040 videretur,
743 1970 800 2028 nisi
814 1979 911 2028 essent
924 1968 1028 2026 milites
1041 1966 1170 2042 gloriosi.

396 2094 515 2158 ‘Magnas
531 2111 589 2143 vero
606 2111 679 2159 agere
695 2097 788 2160 gratias
804 2097 883 2146 Thais
899 2093 991 2144 mihil’

202 2205 276 2265 Satis
295 2215 356 2265 erat
371 2207 548 2281 respondere
563 2206 733 2284 ‘magnas’:
757 2209 914 2286 ‘ingentis’
929 2207 1030 2286 inquit.
1073 2206 1195 2282 Semper

201 2313 287 2378 auget
311 2303 477 2362 adsentator
501 2303 540 2372 id,
563 2305 642 2380 quod
664 2305 696 2376 is,
721 2306 801 2364 cuius
826 2307 863 2364 ad
883 2306 1060 2365 voluntatem
1082 2303 1193 2373 dicitur,

200 2402 259 2460 volt
277 2419 341 2459 esse
360 2418 507 2476 magnum.
550 2400 648 2472 Quam
670 2405 709 2460 ob
729 2422 799 2476 rem,
814 2421 992 2481 quamquam
1013 2400 1120 2460 blanda
1140 2401 1194 2459 ista
1203 2407 1243 2461 99

198 2498 308 2556 vanitas
330 2498 407 2573 apud
427 2516 479 2556 eos
500 2498 583 2571 valet,
604 2500 653 2575 qui
673 2500 729 2576 ipsi
749 2501 826 2558 illam
847 2501 992 2559 adlectant
1016 2510 1045 2558 et
1065 2499 1193 2571 invitant,

198 2605 297 2656 tamen
317 2597 403 2654 etiam
423 2598 568 2673 graviores
587 2599 854 2674 constantioresque
873 2599 1052 2657 admonendi
1071 2608 1145 2668 sunt,
1162 2608 1195 2656 ut

199 2695 428 2754 animadvertant
455 2715 493 2754 ne
521 2697 625 2756 callida
657 2699 857 2756 adsentatione
885 2699 1043 2774 capiantur.
1084 2698 1194 2774 Aperte

199 2793 278 2851 enim
292 2793 457 2852 adulantem
474 2813 563 2852 nemo
583 2813 644 2854 non
658 2796 742 2867 videt,
757 2797 814 2854 nisi
832 2797 881 2874 qui
900 2797 1060 2854 admodum
1078 2805 1123 2854 est
1141 2814 1192 2854 ex·

199 2907 280 2948 cors:
298 2889 415 2948 callidus
429 2890 476 2948 ille
487 2899 515 2949 et
524 2892 654 2950 occultus
669 2910 706 2951 ne
718 2910 747 2950 se
758 2891 881 2952 insinuet
893 2892 1020 2954 studiose
1032 2897 1194 2956 cavendum

198 2998 250 3045 est.
292 2986 355 3045 Nec
373 2987 450 3045 enim
466 2987 597 3047 facillime
614 2991 787 3062 agnoscitur,
803 2991 910 3067 quippe
925 2993 975 3067 qui
989 2994 1077 3050 etiam
1091 2995 1192 3054 adver-

199 3085 291 3145 sando
307 3103 392 3160 saepe
403 3085 566 3143 adsentetur
576 3095 604 3144 et
617 3085 727 3161 litigare
738 3105 769 3146 se
781 3089 919 3147 simulans
933 3090 1095 3149 blandiatur
1105 3103 1192 3170 atque

199 3183 236 3240 ad
250 3192 409 3241 extremum
420 3182 467 3239 det
480 3200 584 3241 manus
594 3182 725 3259 vincique
740 3201 770 3241 se
785 3185 915 3260 patiatur,
926 3196 958 3243 ut
972 3187 1004 3258 is,
1017 3189 1066 3265 qui
1080 3188 1191 3250 inlusus

199 3279 243 3348 sit,
258 3279 320 3353 plus
334 3277 437 3336 vidisse
453 3277 589 3336 videatur.
631 3277 710 3349 Quid
729 3290 826 3338 autem
845 3283 953 3359 turpius
973 3302 1062 3360 quam
1079 3285 1190 3346 inludi?

198 3374 277 3452 quod
291 3383 372 3432 utne
387 3374 497 3432 accidat
512 3375 604 3450 magis
618 3374 778 3433 cavendum
792 3388 844 3450 est,
859 3387 890 3436 ut
904 3379 933 3437 in
947 3380 1099 3455 Epiclero:

343 3480 392 3530 ‘Ut
408 3496 448 3530 me
461 3480 536 3530 hodie
553 3490 610 3532 ante
627 3485 706 3532 omnis
723 3485 832 3534 comicos
849 3487 937 3537 stultos
954 3503 1024 3538 senes

359 3557 469 3606 Versaris
486 3566 559 3623 atque
571 3559 683 3610 inluseris
694 3561 847 3614 lautissime.’
