2662 3908
194 230 235 315 38
482 235 522 282 Μ.
547 233 669 283 TULLII
690 234 880 286 CICERONIS

226 391 253 450 6.
277 389 331 450 Est
352 391 430 450 enim
455 392 580 451 amicitia
600 393 672 452 nihil
692 394 768 452 aliud
789 394 844 452 nisi
863 394 997 452 omnium
1017 394 1182 453 divinarum

184 489 431 566 humanammque
446 509 540 549 rerum
551 509 618 550 cum
628 491 829 551 benevolentia
838 502 867 550 et
881 493 997 552 caritate
1008 493 1178 552 consensio:

185 605 244 663 qua
270 587 387 663 quidem
410 587 488 646 haud
513 590 573 649 scio
597 608 636 648 an
663 599 786 665 excepta
811 590 951 666 sapientia
974 589 1045 648 nihil
1072 589 1179 661 melius

185 685 297 744 homini
325 687 362 744 sit
388 705 413 764 a,
430 687 475 745 dis
498 688 699 746 inmortalibus
725 688 832 746 datum.
874 687 995 746 Divitias
1019 687 1066 745 alii
1095 705 1179 763 prae·

187 791 308 860 ponunt,
321 784 431 841 bonam
450 783 497 841 alii
511 785 710 855 valetudinem,
725 784 772 841 alii
791 785 962 859 potentiam,
977 783 1024 841 alii
1041 783 1177 855 honores,

187 881 269 940 multi
282 880 368 939 etiam
382 880 561 958 voluptates:
583 882 732 939 beluarum
746 881 803 940 hoc
818 881 936 957 quidem
951 891 1120 952 extremum,
1131 880 1180 938 illa

187 989 283 1037 autem
298 979 445 1054 superiora
455 978 565 1038 caduca
579 990 607 1039 et
622 981 739 1046 incerta,
753 981 847 1056 posita
860 988 993 1037 nontam
1006 979 1037 1036 in
1051 979 1179 1037 consiliis

187 1076 292 1133 nostris
313 1094 401 1153 quarn
421 1067 454 1135 ¹in
478 1077 610 1137 fortunae
631 1078 810 1149 temeritate;
836 1077 885 1152 qui
909 1086 1006 1134 autem
1027 1077 1058 1133 in
1077 1077 1179 1134 virtute

188 1191 334 1232 summum
348 1177 459 1234 bonum
473 1186 595 1251 ponunt,
605 1176 752 1253 praeclare
766 1175 806 1232 illi
820 1175 947 1254 quidem,
962 1175 1013 1233 sed
1027 1168 1101 1250 haec
1115 1176 1179 1250 ipsa

188 1273 276 1330 virtus
290 1273 444 1331 amicitiam
454 1284 483 1332 et
497 1275 589 1350 gignit
603 1283 631 1332 et
645 1275 783 1343 continet,
793 1291 848 1332 nec
863 1274 925 1331 sine
939 1273 1040 1331 virtute
1054 1272 1179 1330 amicitia

188 1387 252 1426 esse
266 1369 325 1427 ullo
343 1381 430 1446 pacto
449 1381 554 1447 potest.
595 1372 659 1430 Iam
673 1372 805 1430 virtutem
825 1391 861 1430 ex
882 1371 1091 1432 consuetudine
1105 1371 1179 1427 vitae
1187 1376 1227 1428 21

190 1468 390 1544 sermonisque
404 1469 494 1527 nostri
512 1469 732 1546 interpretemur
750 1489 805 1530 nec
825 1489 899 1541 eam,
914 1481 946 1529 ut
960 1469 1078 1547 quidam
1093 1467 1178 1536 docti,

190 1565 343 1624 verborum
363 1567 577 1642 magnificentia
597 1549 751 1626 metiamur
771 1569 904 1645 virosque
928 1570 1024 1626 bonos
1049 1583 1108 1635 eos,
1130 1564 1181 1641 qui

190 1662 339 1733 habentur,
368 1681 560 1736 numeremus,
585 1664 700 1734 Paulos
727 1664 865 1734 Catones,
884 1663 994 1736 Gallos,
1020 1664 1180 1740 Scipiones,

190 1759 305 1817 Philos:
326 1759 371 1818 his
381 1762 544 1820 communis
554 1762 610 1819 vita
621 1771 758 1820 contenta
768 1773 821 1832 est,
831 1780 883 1820 eos
896 1773 993 1820 autem
1004 1761 1180 1829 omittamus,

191 1859 241 1933 qui
261 1857 382 1916 omnino
406 1877 549 1935 nusquam
573 1860 759 1935 reperiuntur.
800 1860 882 1918 Talis
905 1860 994 1935 igitur·
1011 1859 1085 1917 inter
1104 1857 1233 1916 viros22

191 1956 314 2015 amicitia
327 1966 422 2016 tantas
437 1958 665 2034 opportunitates
679 1957 775 2029 habet,
790 1967 913 2035 quantas
925 1959 971 2015 vix
984 1976 1061 2034 queo
1076 1956 1180 2015 dicere.

191 2053 336 2129 Principio
356 2055 405 2130 qui
425 2063 523 2130 potest
543 2073 607 2113 esse
629 2055 702 2112 ‘vita
723 2055 832 2124 vitalis,'
855 2063 886 2112 ut
907 2055 946 2112 ait
966 2054 1088 2123 Ennius,
1106 2071 1182 2130 quae

192 2169 253 2210 non
272 2153 302 2209 in
316 2153 400 2210 amici
414 2162 515 2211 mutua
528 2153 729 2212 benevolentia
743 2154 943 2230 conquiescit?
978 2151 1057 2224 Quid
1071 2150 1182 2209 dulcius

143 2282 154 2302 s
193 2267 280 2326 quam
294 2248 401 2308 habere
415 2250 532 2324 quicum
546 2251 646 2308 omnia
660 2252 767 2309 audeas
783 2252 824 2310 sic
839 2251 919 2327 loqui
932 2261 963 2309 ut
977 2250 1093 2309 tecum?
1122 2248 1183 2320 Qui

193 2357 269 2407 esset
282 2356 378 2405 tantus
397 2347 505 2406 fructus
523 2348 554 2405 in
572 2349 718 2424 prosperis
739 2350 833 2420 rebus,
849 2348 904 2406 nisi
924 2347 1045 2405 haberes
1059 2345 1109 2422 qui
1128 2345 1183 2402 illis

194 2463 285 2520 aeque
301 2463 335 2503 ac
349 2453 380 2501 tu
394 2445 456 2519 ipse
470 2446 629 2520 gauderet?
658 2446 803 2505 Adversas
813 2463 881 2504 vero
892 2444 966 2503 ferre
980 2444 1093 2503 difficile
1107 2450 1184 2501 esset

194 2544 256 2602 sine
277 2561 322 2612 eo,
345 2542 394 2618 qui
414 2543 475 2602 illas
499 2545 613 2620 gravius
636 2545 723 2603 etiam
746 2563 835 2620 quam
858 2553 890 2602 tu
914 2543 1008 2602 ferret.
1049 2542 1184 2618 Denique

194 2650 304 2699 ceterae
319 2657 372 2710 res,
387 2659 461 2716 quae
477 2652 658 2717 expetuntur,
673 2653 856 2718 opportunae
873 2653 940 2701 sunt
955 2640 1084 2716 singulae
1098 2640 1185 2696 rebus

195 2736 253 2795 sere
274 2737 401 2812 singulis,
421 2738 541 2810 divitiae,
561 2749 593 2798 ut
613 2750 703 2812 utare,
723 2758 805 2816 opes,
824 2749 857 2798 ut
877 2739 980 2809 colare,
1003 2737 1138 2807 honores,
1152 2745 1186 2794 ut

194 2833 319 2905 laudere,
334 2835 502 2912 voluptates,
516 2846 548 2894 ut
564 2838 701 2913 gaudeas,
716 2837 859 2908 valetudo,
873 2846 905 2894 ut
924 2835 1025 2894 dolore
1039 2851 1137 2893 careas
1155 2843 1186 2891 et

91 2989 92 2992 ,
195 2933 361 2990 muneribus
375 2932 495 3009 fungare
511 2936 660 3010 corporis:
684 2935 809 2993 amicitia
827 2953 872 2994 res
887 2933 1024 3009 plurimas
1039 2931 1168 2990 continet
1176 2950 1185 3002 ;

196 3047 314 3105 quoquo
335 3040 364 3088 te
384 3033 499 3090 verteris
519 3043 636 3108 praesto
658 3043 710 3102 est,
730 3032 809 3090 nullo
828 3031 897 3089 loco
919 3030 1086 3100 excluditur,
1101 3045 1187 3086 uum-

198 3145 285 3203 quam
299 3128 507 3205 intempestiva,
519 3148 678 3207 numquam
693 3130 816 3189 molesta
830 3139 874 3188 est
886 3149 894 3201 ;
916 3129 1012 3205 itaque
1025 3144 1087 3185 non
1100 3144 1186 3202 aqua,

187 3241 259 3281 mon
287 3225 355 3300 igni,
376 3236 408 3284 ut
435 3227 522 3298 aiunt,
545 3227 617 3286 locis
643 3227 774 3303 pluribus
803 3227 911 3285 utimur
938 3243 1028 3302 quam
1054 3223 1187 3282 amicitia.

198 3319 302 3395 Neque
327 3341 384 3399 ego
404 3341 482 3382 nunc
503 3323 539 3383 de
560 3325 670 3400 volgari
695 3334 744 3382 aut
765 3323 802 3382 de
822 3325 971 3395 mediocri,
994 3341 1067 3400 quae
1088 3332 1189 3380 tamen

198 3416 261 3490 ipsa
279 3427 307 3476 et
325 3419 447 3478 delectat
467 3421 642 3495 etprodest,
658 3422 711 3480 sed
732 3424 769 3481 de
791 3441 859 3480 vera
879 3432 908 3481 et
928 3421 1055 3498 perfecta
1075 3420 1188 3496 loquor,

199 3513 291 3588 qualis
310 3533 419 3587 eorum,
434 3517 483 3594 qui
503 3518 588 3594 pauci
607 3519 802 3590 nominantur,
817 3519 885 3591 fuit3
907 3538 977 3579 nam
997 3530 1026 3578 et
1046 3517 1189 3578 secundas
