2662 3908
421 220 428 234 '
512 249 559 299 on
579 247 762 300 auroram.
1091 259 1136 329 55

140 403 321 478 arbitrantur,
344 403 394 482 qui
414 403 469 465 hac
491 403 630 482 opinione
654 425 716 466 non
737 403 828 465 modo
849 403 951 476 verbis,
973 401 1131 463 sedetiam

90 505 130 560 73
141 520 231 579 opere
257 503 371 562 levandi
399 513 473 562 sunt.
525 503 655 562 Tantum
683 513 780 562 autem
809 503 912 579 cuique,
940 502 1133 572 tribuendum,

142 601 278 676 primum,
292 609 433 676 quantum
448 601 510 676 ipse
524 601 636 659 efficere
650 601 755 677 possis,
767 600 872 659 deinde
886 600 982 671 etiam,
993 610 1135 676 quantum

141 696 197 768 ille,
212 715 301 773 quem
315 697 419 772 diligas
437 706 524 773 atque
543 696 671 767 adiuves,
686 697 844 784 sustinere3
866 714 928 756 non
948 698 1025 756 enim
1039 714 1135 773 neque

141 804 173 852 tu
186 794 291 868 possis,
306 796 437 868 quamvis
452 793 584 865 excellas
599 795 696 852 omnis
709 804 776 852 tuos
795 794 834 852 ad
846 793 973 853 honores
993 793 1136 870 amplissi-

142 907 210 948 mos
230 891 395 965 perducere,
410 900 442 949 ut
460 890 558 967 Scipio
573 891 606 948 P.
621 891 771 967 Rupilium
792 891 886 967 potuit
906 891 1056 950 consulem
1076 891 1137 949 effi-

142 1005 217 1056 cere,
233 987 349 1046 fratrem
363 989 425 1047 eius
439 989 563 1047 Lucium
577 1006 638 1048 non
651 989 755 1064 potuit.
798 986 888 1059 Quod
902 989 926 1046 si
941 989 1028 1047 etiam
1041 989 1137 1064 possis

143 1084 257 1160 quidvis
281 1085 392 1144 deferre
417 1087 455 1144 ad
478 1086 607 1157 alterum,
628 1086 786 1145 videndum
809 1094 851 1143 est
875 1093 973 1144 tamen
998 1085 1068 1162 quid
1092 1085 1137 1143 ille

92 1187 135 1242 74
144 1182 238 1256 possit
258 1183 406 1242 sustinere.
448 1181 581 1243 Omnino
602 1183 744 1242 amicitiae
766 1182 966 1242 conroboratis
986 1182 1045 1240 iarn
1067 1201 1137 1241 con·

145 1277 322 1355 firmatisque
343 1290 372 1339 et
392 1282 517 1358 ingeniis
538 1291 568 1341 et
588 1283 727 1341 aetatibus
748 1279 918 1340 iudicandae
940 1289 1016 1351 sunt,
1035 1297 1098 1351 nec,
1114 1281 1138 1338 si

145 1375 196 1452 qui
220 1376 337 1436 ineunte
359 1389 451 1438 aetate
472 1379 596 1437 venandi
619 1388 669 1438 aut
691 1379 766 1456 pilae
792 1378 912 1438 studiosi
940 1378 1061 1448 fuerunt,
1086 1395 1138 1436 eos

146 1472 252 1532 habere
269 1477 457 1545 necessarios,
473 1494 547 1552 quos
566 1486 628 1535 tum
647 1476 751 1534 eodem
771 1476 867 1535 studio
885 1475 1030 1552 praeditos
1049 1474 1139 1533 dilex-

145 1580 240 1630 erunt.
281 1571 342 1631 Isto
356 1574 434 1632 enim
448 1573 539 1633 modo
551 1573 676 1632 nutrices
689 1582 718 1632 et
735 1574 899 1650 paedagogi
918 1573 979 1632 iure
992 1573 1139 1632 vetustatis

146 1669 302 1745 plurimum
316 1672 533 1731 benevolentiae
548 1671 750 1747 postulabunt:
772 1673 821 1748 qui
835 1671 1008 1747 neglegendi
1022 1671 1140 1748 quidem

146 1784 210 1826 non
231 1777 304 1838 sunt,
326 1767 379 1827 sed
399 1768 456 1828 alio
477 1769 605 1845 quodam
628 1768 719 1827 modo
739 1770 916 1828 aestzinandi.
941 1767 1047 1826 'Aliter
1068 1767 1140 1826 ami-

147 1865 232 1924 citiae
246 1865 362 1925 stabiles
375 1885 546 1943 permanere
560 1884 622 1925 non
636 1877 758 1942 possunt
768 1833 926 2022 {dispares
946 1868 1024 1926 enim
1042 1884 1139 1926 mores

148 1964 274 2039 disparia
305 1965 400 2023 studia
428 1974 590 2042 sequuntur,
620 1981 743 2040 quorum
793 1964 972 2024 issimilitudo
1004 1965 1141 2024 dissociat

147 2061 296 2132 amicitias
311 2081 365 2120 nec
380 2062 420 2120 ob
433 2063 520 2120 aliam
539 2079 657 2120 eausam
672 2061 759 2120 ullam
778 2063 850 2121 boni
869 2063 1010 2140 inprobis,
1025 2063 1140 2139 inprobi

147 2158 234 2216 bonis
253 2159 339 2218 amici
357 2177 421 2218 esse
435 2177 497 2218 non
515 2170 638 2235 possunt
657 2159 712 2217 nisi
725 2161 806 2236 quod
825 2171 904 2220 tanta
925 2171 969 2219 est
987 2161 1060 2220 inter
1079 2178 1140 2232 eos

149 2267 258 2335 quanta
276 2259 404 2316 maxima
418 2267 515 2335 potest
536 2277 607 2330 esse,
622 2277 737 2317 morum
757 2261 977 2337 studiorumque
998 2259 1139 2318 distantia

94 2360 136 2415 75
150 2356 243 2414 Recte
270 2357 357 2414 etiam
385 2357 512 2432 praecipi
540 2365 637 2432 potest
664 2357 695 2414 in
723 2357 863 2428 amicitiis,
887 2377 924 2416 ne
951 2358 1142 2433 intemperata
1153 2365 1194 2432 (⁷)
1211 2366 1299 2418 Selfislr

149 2454 294 2531 quaedam
315 2454 526 2523 benevolentia,
549 2454 630 2530 quod
650 2472 789 2530 persaepe
811 2455 850 2527 lit,
871 2454 999 2532 inpediat
1019 2473 1142 2530 magnas
1153 2433 1274 2561 {⁰¹7¹gnffi’

150 2554 284 2612 utilitates
297 2554 475 2624 amicorum;
497 2569 553 2610 nec
567 2553 654 2622 enim,
665 2562 697 2611 ut
710 2551 748 2610 ad
759 2553 871 2611 fabulas
884 2553 1010 2624 redeam,
1022 2552 1144 2611 Troiam
1212 2533 1219 2548 ’

150 2651 366 2727 Neoptolemus
387 2668 491 2726 capere
513 2649 661 2725 potuisset,
683 2649 707 2707 si
728 2648 934 2726 Lycomedem,
956 2651 1035 2727 apud
1056 2668 1144 2726 quem

151 2758 213 2806 erat
240 2748 387 2818 educatus
409 2747 505 2805 multis
527 2765 595 2805 cum
616 2746 740 2804 lacrimis
765 2747 817 2804 iter
838 2764 922 2805 suum
946 2748 1145 2823 inpedientem

152 2845 251 2905 audire
262 2846 407 2904 voluisset.
442 2844 481 2902 Et
495 2862 582 2920 saepe
596 2843 728 2902 incidunt
741 2861 866 2919 magnae
881 2862 936 2915 res,
947 2855 979 2903 ut
994 2845 1144 2904 disceden-

152 2944 223 3002 dum
237 2944 273 3001 sit
292 2945 330 3001 ab
348 2943 468 3002 amicis:
491 2960 564 3018 quas
578 2942 629 3017 qui
647 2941 776 3018 inpedire
790 2943 858 3013 volt,
873 2942 954 3018 quod
972 2943 1145 3002 desiderium

153 3057 215 3098 non
228 3039 311 3098 facile
325 3039 406 3111 serat,
418 3041 442 3098 is
457 3048 485 3097 et
499 3039 628 3096 infirmus
642 3048 686 3096 est
700 3037 853 3117 mollisque
868 3049 971 3098 natura
984 3049 1013 3099 et
1027 3041 1065 3098 ob
1079 3058 1146 3098 eam

93 3145 136 3198 76
153 3138 249 3214 ipsam
263 3156 380 3196 causam
395 3139 425 3197 in
441 3137 566 3196 amicitia
584 3153 688 3211 parum
706 3137 807 3194 iustus.
849 3136 947 3213 Atque
965 3137 996 3194 in
1014 3138 1096 3196 omni
1115 3157 1146 3198 re

154 3236 399 3296 considerandum
413 3245 465 3308 est,
475 3243 504 3294 et
518 3233 588 3312 quid
602 3233 733 3309 postules
747 3235 784 3292 ab
799 3235 894 3293 amieo
909 3243 937 3293 et
951 3235 1022 3311 quid
1035 3236 1146 3311 patiare

154 3345 214 3394 ate
228 3335 372 3410 inpetrari.

198 3429 245 3490 21.
263 3430 317 3490 Est
336 3433 422 3489 etiam
437 3430 580 3507 quaedam
602 3429 750 3490 calamitas
769 3431 799 3488 in
819 3428 949 3488 amicitiis
969 3393 1302 3524 dimittendisffiigliffssffi,

155 3545 217 3588 non
231 3545 391 3605 numquam
407 3528 590 3600 necessaria,
612 3528 671 3586 iam
685 3528 763 3586 enim
783 3544 800 3585 a
815 3527 988 3603 sapientium
1003 3524 1229 3654 familiari-{Q
1242 3528 1271 3582 §a
