2662 3908
200 261 244 330 50
506 253 545 304 u.
571 251 693 302 aaran
715 251 906 302 oroxnonm

205 415 316 475 amicos
335 413 538 474 benevolentia
557 411 671 471 illorum
692 428 761 487 erga
780 429 836 470 nos
856 411 1075 472 benevolentiae
1094 411 1201 488 pariter

206 513 419 589 aequaliterque
437 510 621 587 respondeat,
635 510 758 580 tertiam,
775 519 815 580 ut,
830 512 929 586 quanti
948 512 1070 588 quisque
1089 529 1120 569 se
1137 511 1200 586 ipse

204 595 299 680 faciat,
313 611 384 668 tanti
398 610 449 667 fiat
464 611 502 668 ab
516 609 625 668 amicis.
667 607 783 667 Harum
802 609 885 667 trium
906 610 1112 668 sententiarum
1131 607 1200 665 nulli
1207 609 1249 663 57

204 725 323 785 prorsus
341 707 504 767 adsentior:
526 726 582 766 nec
599 707 678 766 enim
691 707 739 765 illa
752 707 846 782 prima
859 724 926 765 vera
939 716 992 777 est,
1006 715 1045 778 ut,
1061 723 1149 782 quern
1163 706 1202 764 ad

205 805 326 864 modum
347 805 378 863 in
399 823 430 864 se
451 806 582 883 quisque,
604 805 698 864 sicin
719 805 845 863 amicum
867 806 903 864 sit
923 805 1083 874 animatus;
1112 819 1201 878 quarn

204 902 295 960 multa
312 903 399 973 enim,
415 920 490 979 quae
504 913 605 961 nostra
619 918 706 960 causa
720 918 881 975 numquam
895 900 1064 971 faceremus,
1078 899 1201 958 facimus

205 994 320 1080 [causa]
352 969 554 1110 amicorumfl
570 999 680 1076 precari
711 999 749 1056 ab
779 999 911 1075 indigno
940 1000 1109 1076 supplicare,
1137 1009 1201 1056 tum

205 1097 335 1158 acerbius
349 1097 380 1154 iu
396 1097 522 1173 aliquem
541 1095 636 1155 mvehi
655 1094 846 1171 insectarique
859 1096 1066 1168 vehementius,
1081 1114 1154 1172 quae
1169 1096 1200 1152 in

205 1197 312 1256 nostris
326 1197 412 1254 rebus
426 1213 487 1255 non
502 1195 571 1254 satis
590 1195 720 1266 honeste,
736 1194 766 1250 in
785 1193 946 1251 amicorum
964 1195 1037 1252 fiunt
1055 1194 1201 1252 honestis-

197 1295 295 1364 ¹sime;
316 1293 483 1368 multaeque
504 1310 550 1350 res
570 1291 692 1363 suntin
712 1291 817 1366 quibus
837 1290 873 1348 de
893 1291 952 1348 suis
971 1291 1135 1349 commodis
1148 1290 1201 1348 viri

120 1420 125 1430 ·
205 1390 276 1448 boni
290 1390 380 1448 multa
394 1389 547 1449 detrahunt
560 1389 729 1464 detrahique
743 1388 897 1464 patiuntur,
910 1396 941 1445 ut
954 1388 990 1444 iis
1004 1388 1089 1446 amici
1102 1389 1199 1463 potius

205 1504 294 1563 quam
316 1487 370 1562 ipsi
390 1487 526 1545 fruantur.
568 1485 667 1557 Altera
687 1485 828 1544 sententia
848 1494 899 1555 est,
914 1504 989 1561 quae
1009 1484 1109 1544 delinit
1129 1487 1199 1544 ami-
1207 1493 1251 1545 58

206 1585 303 1642 citiam
326 1585 442 1660 paribus
469 1584 571 1642 officiis
599 1602 633 1643 ac
658 1583 859 1642 voluntatibus.
913 1583 982 1642 Hoc
1010 1583 1128 1660 quidem
1155 1593 1200 1643 est

206 1682 292 1739 nimis
306 1681 409 1756 exigue
429 1691 458 1739 et
476 1680 584 1740 exiliter
603 1680 641 1739 ad
660 1681 786 1739 calculos
800 1699 904 1740 vocare
923 1683 1087 1752 amicitiam,
1101 1692 1134 1742 ut
1147 1700 1200 1758 par

193 1779 242 1836 rsit
255 1779 327 1837 ratio
346 1789 534 1854 acceptorum
548 1787 576 1835 et
590 1776 741 1835 datorum:
764 1777 875 1836 divitior
892 1779 962 1836 mihi
980 1789 1008 1838 et
1027 1779 1200 1838 adfluentior

205 1876 316 1936 videtur
340 1894 403 1935 esse
427 1894 494 1934 vera
517 1874 641 1934 amicitia
665 1893 719 1934 nee
747 1877 899 1934 observare
924 1877 1052 1935 restricte
1073 1897 1111 1936 ne
1134 1877 1199 1954 plus

204 1975 307 2034 reddat
328 1992 416 2051 quam
437 1975 597 2050 acceperit;
623 1991 719 2050 neque
737 1975 816 2032 enim
834 1977 992 2034 verendum
1011 1987 1109 2035 estne
1128 1975 1199 2053 quid

205 2073 320 2132 excidat
333 2083 383 2131 aut
397 2089 434 2130 ne
448 2072 519 2148 quid
532 2072 562 2129 in
575 2081 680 2130 terram
695 2071 803 2130 defluat
816 2083 865 2131 aut
880 2092 917 2131 ne
936 2074 1000 2148 plus
1015 2092 1109 2150 aequo
1129 2073 1199 2150 quid
1324 2105 1325 2130 r

186 2171 235 2246 [in
249 2170 403 2228 amicitiam
419 2179 598 2244 congeratur.
641 2168 758 2228 Tertius
772 2188 840 2229 vero
860 2170 905 2229 ille
925 2171 991 2230 linis
1009 2170 1196 2243 deterrumus,
1204 2176 1247 2230 59
1324 2133 1325 2205 i

204 2278 244 2338 ut,
260 2268 359 2345 quanti
376 2268 499 2343 quisque
518 2285 549 2326 se
568 2267 630 2342 ipse
650 2266 743 2338 saciat,
757 2268 829 2326 tanti
849 2268 897 2326 fiat
916 2270 953 2327 ab
972 2269 1088 2341 amieis3
1111 2287 1199 2346 saepe

204 2365 327 2424 enimin
341 2365 514 2440 quibusdam
528 2374 578 2422 aut
596 2364 711 2422 animus
729 2365 867 2425 abiectior
881 2378 925 2424 est
944 2377 993 2425 aut
1012 2385 1078 2442 spes
1097 2367 1198 2443 ampli-

205 2462 337 2524 ficandae
358 2462 488 2520 fortunae
509 2461 641 2520 fractior:
668 2480 730 2520 non
750 2472 794 2521 est
814 2463 898 2538 igitur
918 2464 1004 2522 amici
1025 2464 1113 2522 talem
1133 2482 1199 2523 esse

204 2561 234 2618 in
254 2578 331 2630 eum,
351 2560 443 2637 qualis
464 2560 510 2618 ille
530 2559 561 2616 in
582 2577 613 2618 se
634 2569 685 2629 est,
701 2560 753 2618 sed
773 2561 871 2636 potius
891 2561 960 2618 eniti
981 2571 1009 2620 et
1030 2561 1152 2633 efficere,
1166 2572 1199 2620 ut

204 2658 289 2718 amici
313 2658 454 2717 iacentem
475 2657 604 2714 animum
628 2657 734 2715 excitet
756 2657 932 2735 inducatque
955 2660 986 2717 in
1010 2678 1092 2736 spem
1117 2659 1198 2735 cogi-

203 2757 400 2831 tationemque
427 2755 585 2814 meliorem.
637 2755 720 2814 Alius
748 2755 834 2831 igitur
857 2757 921 2815 finis
944 2776 1028 2816 verae
1056 2757 1198 2828 amicitiae

203 2853 421 2913 constituendus
435 2863 488 2924 est,
502 2853 527 2912 si
540 2853 628 2929 prius,
643 2854 713 2930 quid
730 2855 856 2914 maxime
874 2855 1083 2930 reprehendere
1098 2854 1199 2931 Scipio

203 2952 303 3012 solitus
314 2952 359 3022 sit,
368 2951 484 3010 dixero:
507 2952 632 3026 negabat
642 2951 731 3009 ullam
741 2970 843 3011 vocem
855 2953 1045 3012 inimiciorem
1055 2953 1198 3013 amicitiae

201 3051 330 3127 potuisse
344 3049 461 3125 reperiri
480 3067 568 3125 quam
587 3049 656 3120 eius,
672 3049 722 3126 qui
742 3049 860 3109 dixisset
879 3051 918 3109 ita
937 3069 1034 3109 amare
1053 3060 1198 3127 oportere,

202 3160 234 3208 ut
252 3149 278 3208 si
296 3146 451 3223 aliquando
471 3158 547 3206 esset
566 3164 669 3205 osurus
678 3166 687 3219 3
709 3165 763 3206 nee
782 3167 850 3207 vero
873 3167 905 3206 se
923 3148 1029 3206 adduci
1048 3165 1146 3224 posse,
1165 3158 1199 3208 ut

202 3248 268 3317 hoe,
298 3265 386 3324 quem
413 3247 452 3305 ad
479 3246 601 3304 modurn
629 3255 783 3321 putaretur,
813 3265 831 3304 a
858 3246 960 3304 Biante
991 3245 1100 3304 dictum
1132 3264 1197 3305 esse

203 3345 339 3414 crederet,
361 3344 410 3419 qui
435 3343 550 3418 sapiens
574 3341 688 3399 habitus
712 3351 789 3400 esset
808 3361 885 3401 unus
906 3362 923 3401 e
943 3352 1072 3418 septem:
1101 3343 1197 3418 inpuri

201 3441 352 3500 cuiusdam
366 3449 416 3498 aut
429 3440 573 3497 ambitiosi
591 3448 640 3497 aut
659 3439 758 3496 omnia
776 3438 813 3496 ad
833 3456 915 3496 suam
934 3440 1094 3514 potentiam
1113 3458 1196 3498 revo-

200 3537 292 3630 cantis
320 3554 385 3596 esse
411 3537 593 3612 septentiam.
650 3535 788 3608 Quonam
816 3537 894 3595 enim
922 3537 1013 3595 modo
1041 3537 1196 3614 quisquam
