2662 3908
182 256 227 316 44
483 237 524 293 Μ.
548 239 668 290 TULLII
690 239 881 290 CICERONIS

184 398 350 458 Gracchum
373 417 434 460 rem
454 399 600 476 publicam
617 408 770 457 vexantem
790 415 808 456 a
824 395 862 469 Q.
878 395 1037 456 Tuberone
1049 393 1181 473 aequali·
1223 403 1226 408 '

183 499 296 574 busque
317 499 416 557 amicis
438 499 606 556 derelictum
627 496 804 555 videbamus.
848 495 889 553 At
910 493 944 553 C.
967 493 1097 553 Blossius
1120 492 1182 552 Cu-

183 613 297 666 manus,
311 597 420 672 hospes
441 597 565 656 familiae
585 606 703 666 vestrae,
719 592 866 664 Scaevola,
881 609 949 650 cum
969 593 1007 650 ad
1026 609 1083 661 me,
1098 588 1181 667 quod

183 694 302 751 aderam
316 693 438 752 Laenati
452 704 481 753 et
492 694 611 770 Rupilio
626 693 793 752 consulibus
807 692 836 749 in
849 689 981 756 consilio,
992 691 1180 765 deprecatum

182 791 315 859 venisset,
337 791 412 850 hanc
435 801 468 850 ut
492 792 548 850 sibi
569 792 753 867 ignoscerem
778 805 897 848 causam
920 787 1078 856 adferebat,
1100 785 1181 862 quod

183 885 255 942 tanti
268 886 315 944 Ti.
332 885 498 945 Gracchum
512 887 635 958 fecisset,
649 897 681 945 ut
695 886 832 962 quicquid
846 886 891 944 ille
906 884 990 944 vellet
1004 884 1058 942 sibi
1072 883 1181 941 facien-

183 983 253 1040 dum
267 993 387 1058 putaret.
429 983 508 1042 Tum
522 1002 580 1060 ego
596 971 767 1053 ‘Etiamne'
782 984 901 1059 inquam
917 983 958 1041 ‘si
972 992 1000 1040 te
1014 982 1044 1038 in
1059 979 1180 1056 Capito·

182 1078 252 1137 lium
273 1079 350 1139 faces
371 1080 444 1139 ferre
465 1081 586 1139 velleti'
631 1080 834 1157 ‘Numquam'
856 1081 949 1156 inquit
974 1080 1128 1139 ‘voluisset
1149 1079 1180 1137 id

183 1177 309 1252 quidem,
323 1178 383 1249 sed,
399 1181 423 1238 si
442 1180 586 1251 voluisset,
607 1177 786 1255 paruissem!
827 1177 941 1237 Videtis
961 1196 1049 1254 quarn
1070 1176 1180 1236 nefaria

183 1275 258 1330 vox!
296 1271 334 1330 Et
355 1272 471 1331 hercule
492 1273 532 1330 ita
553 1273 628 1342 fecit,
644 1273 689 1331 vel
709 1273 775 1348 plus
796 1273 883 1331 etiam
904 1290 992 1347 quam
1007 1271 1096 1343 dixit3
1118 1288 1180 1328 non

183 1369 261 1426 enim
282 1369 375 1445 paruit
396 1369 442 1427 ille
464 1370 511 1427 Ti.
527 1369 652 1429 Gracchi
673 1369 834 1439 temeritati,
853 1368 905 1428 sed
922 1369 1055 1445 praefuit,
1074 1387 1128 1426 nec
1150 1386 1183 1426 se

183 1467 319 1524 comitem
346 1467 420 1525 illius
448 1467 558 1538 furoris,
588 1468 640 1526 sed
668 1466 773 1525 ducem
807 1467 947 1543 praebuit.
990 1465 1093 1541 Itaque
1127 1464 1183 1523 hac

183 1565 310 1622 amentia
331 1565 502 1640 quaestione
523 1583 599 1624 nova
621 1567 788 1640 perterritus
809 1566 840 1623 in
861 1565 962 1622 Asiam
983 1563 1121 1639 profugit,
1142 1562 1182 1620 ad

183 1661 275 1720 hostis
294 1680 326 1720 se
345 1662 475 1734 contulit,
495 1681 608 1738 poenas
624 1664 666 1722 rei
684 1663 817 1739 publicae
837 1663 932 1738 gravis
949 1662 1095 1736 iustasque
1116 1677 1184 1736 per·

184 1758 278 1817 solvit.
320 1759 408 1818 Nulla
433 1770 476 1818 est
500 1761 585 1834 igitur
613 1763 763 1820 excusatio
788 1761 908 1836 peccati,
934 1760 958 1818 si
982 1759 1068 1816 amici
1094 1775 1184 1816 causa

183 1857 364 1931 peccaveris3
393 1875 471 1928 nam,
493 1875 560 1916 cum
582 1859 760 1917 conciliatrix
785 1858 927 1915 amicitiae
948 1856 1059 1914 virtutis
1080 1856 1183 1931 opinio

184 1953 273 2025 firerit,
295 1955 409 2013 difficile
430 1965 475 2014 est
496 1956 651 2013 amicitiam
672 1975 799 2026 manere,
820 1957 844 2014 si
865 1973 883 2013 a
903 1955 1005 2013 virtute
1030 1953 1179 2012 defeceris.
1220 2005 1223 2014 .

184 2047 275 2119 Quod
295 2049 319 2106 si
338 2058 450 2107 rectum
471 2039 653 2108 statuerimus
674 2050 718 2109 vel
740 2050 900 2108 concedere
921 2049 1021 2107 amicis
1042 2047 1231 2124 quicquidas

183 2147 270 2205 velint
284 2147 328 2206 vel
342 2147 496 2223 impetrare
510 2148 548 2205 ab
567 2149 601 2206 iis
621 2149 758 2225 quicquid
772 2149 900 2217 velimus,
915 2146 1042 2223 perfecta
1061 2147 1181 2222 quidem

184 2245 324 2320 sapientia
343 2245 367 2303 si
384 2245 481 2315 simus
497 2246 568 2302 nihil
586 2247 691 2304 habeat
710 2264 757 2304 res
771 2247 838 2315 vitii,
853 2245 906 2304 sed
925 2245 1071 2320 loquimur
1089 2244 1126 2302 de
1145 2245 1181 2302 iis

184 2342 293 2414 amicis,
318 2343 454 2419 quiante
479 2343 580 2401 oculos
602 2353 677 2415 sunt,
700 2361 775 2420 quos
799 2343 923 2401 vidimus
944 2352 995 2399 aut
1016 2343 1053 2400 de
1075 2342 1181 2419 quibus

183 2441 354 2498 memoriam
375 2441 550 2516 accepimus,
571 2459 646 2516 quos
671 2442 752 2499 novit
773 2442 829 2499 vita
849 2440 1031 2508 communis:
1061 2458 1098 2498 ex
1122 2439 1181 2499 hoc

183 2554 305 2594 numero
332 2537 419 2595 nobis
447 2537 581 2613 exempla
608 2539 750 2596 sumenda
775 2549 849 2609 sunt,
874 2547 903 2596 et
931 2555 1033 2596 eorum
1060 2538 1181 2614 quidem

185 2635 319 2706 maxime,
344 2635 393 2710 qui
418 2634 456 2692 ad
480 2636 654 2711 sapientiam
679 2654 820 2712 proxume
845 2634 996 2694 accedunt.
1038 2633 1229 2696 videmusne

185 2731 341 2790 Aemilium
359 2729 485 2790 Luscino
506 2731 674 2791 familiarem
693 2732 863 2790 fuisse-sic
883 2751 901 2790 a
919 2733 1048 2809 patribus
1065 2735 1182 2809 accepi-

184 2846 299 2900 mus-,
312 2827 358 2886 bis
371 2847 430 2886 una
443 2828 585 2898 consules
600 2829 727 2903 collegas
741 2830 771 2886 in
786 2847 925 2900 censura;
947 2839 1052 2886 tumet
1066 2847 1133 2887 cum
1148 2831 1183 2890 iis

185 2936 214 2984 et
234 2925 309 2984 inter
329 2944 361 2985 se
385 2925 638 2984 coniunctissimos
661 2925 749 2984 fuisse
776 2925 828 2984 Μ’.
847 2925 975 2996 Curium,
998 2925 1046 2984 Ti.
1066 2924 1182 2984 Corun-

185 3024 301 3083 canium
319 3023 477 3080 memoriae
496 3022 642 3098 proditum
660 3033 720 3081 est:
745 3024 831 3098 iginrr
849 3041 886 3081 ne
906 3023 1045 3099 suspicari
1063 3024 1183 3098 quidem

185 3139 341 3200 possumus
356 3137 532 3197 quemquam
545 3120 650 3178 horum
664 3121 701 3178 ab
717 3122 811 3180 amico
823 3122 972 3197 quippiam
987 3122 1183 3195 contendisse,

187 3219 268 3295 quod
290 3231 392 3278 contra
413 3218 510 3287 fidem,
532 3218 698 3276 contraius
722 3218 884 3288 iurandum,
905 3228 1006 3276 contra
1027 3238 1089 3278 rem
1109 3223 1184 3296 puh

187 3315 273 3373 licam
297 3327 382 3376 esset.
423 3315 501 3375 Nam
522 3316 580 3374 hoc
601 3316 718 3391 quidem
738 3317 769 3373 in
786 3317 889 3374 talibus
906 3317 971 3374 viris
992 3317 1063 3392 quid
1080 3320 1185 3379 attinet

188 3413 292 3484 dicere,
314 3415 338 3472 si
358 3414 565 3482 contendisset,
586 3412 804 3488 impetraturum
828 3431 890 3470 non
914 3412 1023 3473 fuisse?
1054 3434 1121 3474 cum
1143 3420 1185 3479 illi
