2662 3908
195 262 238 328 34
500 233 540 284 M.
562 233 687 283 ,TULLII
706 233 900 284 CICERONIS

199 404 232 453 ut
259 395 316 452 alia
335 393 477 470 omittam,
503 402 627 453 mortem
655 393 704 451 filii
726 392 807 452 tulit!
845 392 1040 452 Memineram
1062 393 1198 468 Paulum,

197 494 322 552 videram
333 493 460 564 Gallum,
474 492 526 552 sed
540 492 570 550 hi
584 492 615 549 in
628 492 734 566 pueris,
746 491 820 550 Cato
834 491 864 549 in
879 492 1008 568 perfecto
1022 502 1050 552 et
1064 505 1196 570 spectato
1317 563 1318 570 χ

199 592 270 650 viro,
302 589 400 662 Quam
414 591 454 648 ob
468 608 529 648 rem
544 607 613 648 cave
625 589 733 648 Catoni
747 599 910 666 anteponas
924 609 962 649 ne
975 591 1062 647 istum
1077 592 1196 666 quidem
1206 598 1248 650 10

200 691 304 764 ipsum,
319 706 406 764 quem
419 686 583 763 Ap0110,ut
602 687 652 758 aiS,
672 687 914 762 sapientissimum
936 687 1088 746 iudicavit:
1110 688 1198 748 huius

200 788 279 845 enim
293 785 377 856 lacta,
391 785 465 843 illius
479 784 557 843 dicta
570 785 731 843 laudantur.
765 782 813 842 De
827 802 874 842 me
888 796 995 856 autem,
1009 785 1112 844 utiam
1127 804 1198 861 cum

199 893 323 960 utroque
337 883 447 959 loquar,
463 883 504 940 sic
517 882 664 940 habetote.

241 983 269 1041 3.
292 980 359 1056 Ego
374 981 398 1038 si
414 980 559 1055 Scipionis
578 978 721 1038 desiderio
740 997 788 1038 me
808 981 917 1039 moveri
932 998 1047 1056 negem,
1063 998 1150 1056 quam
1165 981 1198 1040 id

200 1089 278 1138 recte
298 1078 403 1137 faciam
416 1077 537 1136 viderint
556 1077 709 1152 sapientes
730 1078 782 1135 sed
803 1087 879 1135 certe
900 1079 1031 1136 mentiar.
1073 1076 1198 1136 Moveor

201 1177 280 1236 enim
300 1176 350 1235 tali
371 1175 466 1234 amico
488 1177 615 1245 orbatus,
630 1175 731 1251 qualis,
745 1184 777 1233 ut
798 1176 927 1246 arbitror,
947 1193 1035 1234 nemo
1055 1193 1197 1251 umquam

201 1275 262 1346 erit,
276 1281 309 1331 ut
328 1273 500 1332 confirmare
522 1290 651 1348 possum,
666 1291 754 1330 nemo
777 1282 852 1331 certe
873 1272 926 1330 fuit
936 1293 945 1346 ;
967 1273 1018 1332 sed
1038 1291 1099 1330 non
1119 1291 1197 1349 egeo

201 1372 363 1430 medicina:
385 1388 433 1429 me
452 1372 514 1446 ipse
534 1369 670 1428 consolor
684 1380 712 1428 et
726 1371 852 1428 maxime
867 1370 916 1429 illo
931 1371 1049 1441 solaci0,
1064 1373 1145 1447 quod
1158 1388 1197 1429 eo

202 1487 297 1529 errore
323 1486 417 1538 careo,
439 1485 498 1543 quo
521 1468 681 1525 amicorum
702 1468 823 1526 decessu
844 1469 975 1544 plerique
1000 1471 1068 1546 angi
1091 1469 1196 1528 solent.

202 1567 282 1626 Nihil
305 1565 375 1623 mali
402 1564 540 1623 accidisse
564 1552 694 1640 Scipioni
721 1575 809 1640 puto:
840 1566 910 1623 mihi
938 1567 1049 1636 accidit,
1077 1568 1101 1624 si
1125 1566 1197 1643 quid

202 1665 306 1725 accidit
316 1684 324 1736 ;
347 1663 405 1722 suis
424 1672 522 1720 autem
540 1662 735 1720 incommodis
754 1663 877 1738 graviter
895 1665 964 1740 angi
983 1683 1044 1723 non
1058 1665 1195 1736 amicum,

138 1790 139 1794 ¹
203 1765 256 1824 sed
270 1781 301 1821 se
319 1762 415 1837 ipsum
435 1760 559 1817 amantis
578 1770 630 1818 est.
673 1758 750 1837 Cum
771 1760 820 1818 illo
835 1779 903 1819 vero
917 1762 982 1837 quis
997 1771 1084 1838 neget
1098 1773 1196 1820 actum
1206 1770 1241 1822 11

104 1921 109 1928 ,
202 1878 267 1920 esse
291 1858 459 1935 praeclare?
489 1857 554 1915 Nisi
574 1859 661 1927 enim,
684 1857 764 1934 quod
788 1859 834 1915 ille
859 1859 979 1916 minime
1001 1860 1128 1934 putabat,
1150 1861 1197 1917 in·

202 1958 407 2018 mortalitatem
420 1965 522 2032 optare
532 1955 625 2026 vellet,
636 1955 706 2031 quid
720 1973 781 2013 non
793 1956 915 2031 adeptus
929 1967 980 2028 est,
991 1957 1070 2033 quod
1083 1956 1197 2014 homini

203 2061 247 2118 fas
268 2066 343 2115 esset
365 2056 485 2131 optare?
513 2049 563 2130 qui
583 2071 728 2112 summam
750 2072 833 2129 spem
855 2055 968 2124 civium,
990 2073 1079 2131 quam
1100 2055 1136 2113 de
1157 2073 1196 2114 eo

203 2157 262 2214 iarn
280 2173 371 2230 puero
390 2152 559 2222 habuerant,
573 2152 713 2210 continuo
732 2152 903 2212 adulescens
922 2152 1081 2210 incredibili
1095 2155 1196 2212 virtute

205 2251 369 2328 superavit3
390 2252 439 2327 qui
456 2249 639 2308 consulatum
657 2250 756 2325 petivit
776 2267 943 2326 numquam,
958 2250 1051 2309 factus
1065 2247 1195 2332 [consul]

204 2361 249 2422 est
268 2350 321 2420 bis,
342 2349 467 2425 primum
489 2357 555 2406 ante
577 2358 700 2422 tempus,
721 2347 825 2404 iterum
846 2348 899 2405 sibi
920 2367 973 2406 suo
995 2359 1134 2425 tempore,
1154 2350 1196 2408 rei

204 2448 336 2524 publicae
347 2465 439 2522 paene
455 2462 537 2517 sero;
552 2445 601 2520 qui
613 2445 724 2503 duabus
735 2445 852 2503 urbibus
862 2446 967 2504 eversis
981 2446 1195 2506 inimicissumis

203 2545 269 2621 huic
288 2545 410 2620 imperio
425 2561 486 2602 non
499 2543 590 2601 modo
606 2544 778 2618 praesentia,
793 2545 994 2602 verumetiam
1013 2544 1106 2602 futura
1120 2545 1196 2604 bella

205 2642 315 2701 delevit.
358 2640 436 2713 Quid
462 2641 558 2698 dicam
580 2639 616 2698 de
639 2642 768 2699 moribus
791 2641 950 2714 facillumis,
974 2643 1010 2701 de
1035 2644 1140 2721 pietate
1165 2645 1197 2701 in

204 2749 334 2810 matrem,
357 2739 522 2797 liberalitate
543 2738 574 2795 in
595 2756 716 2808 sorores
739 2740 868 2797 bonitate
889 2740 920 2796 in
941 2758 1017 2812 suos,
1041 2742 1145 2799 iustitia
1165 2743 1197 2800 in

205 2838 322 2896 omnis?
354 2837 434 2896 Nota
454 2846 519 2894 sunt
533 2836 624 2894 vobis.
657 2836 754 2909 Quam
769 2847 865 2896 autem
880 2838 984 2896 civitati
1003 2858 1085 2898 carus
1105 2840 1195 2913 luerit,

204 2953 335 2994 maerore
350 2935 457 2992 funeris
472 2934 628 2992 indicatum
643 2945 694 2992 est.
736 2933 816 3006 Quid
835 2935 920 3010 igitur
939 2937 1016 2995 hunc
1036 2956 1197 3013 paucorum

206 3052 349 3094 annorum
363 3034 492 3092 accessio
507 3035 603 3091 iuvare
617 3033 779 3109 potuisset?
815 3032 954 3092 Senectus
973 3035 1050 3092 enim
1065 3038 1197 3112 quamvis

206 3124 269 3192 non
294 3133 329 3191 sit
352 3135 454 3208 gravis,
479 3142 510 3190 ut
533 3132 652 3190 memini
676 3129 820 3190 Catonem
844 3150 921 3191 anno
947 3143 1014 3191 ante
1039 3152 1127 3208 quam
1153 3145 1197 3194 est

206 3242 337 3292 mortuus
351 3250 466 3290 mecum
481 3241 590 3289 etcum
606 3229 742 3304 Scipione
757 3230 904 3301 disserere,
915 3241 1013 3289 tamen
1028 3231 1117 3290 aufert
1131 3251 1196 3289 earn
1317 3305 1318 3310 η

206 3331 385 3399 viriditatem,
401 3331 431 3387 in
450 3348 507 3405 qua
528 3329 614 3386 etiam
636 3346 713 3386 nunc
735 3339 795 3387 erat
810 3329 917 3405 Scipio
959 3330 1057 3402 Quam
1079 3333 1118 3388 ob
1135 3347 1196 3389 rem
1207 3339 1247 3392 12

206 3432 264 3488 vita
285 3429 402 3504 quidem
422 3427 486 3485 talis
507 3427 558 3483 fuit
574 3425 619 3482 vel
640 3427 754 3484 fortuna
774 3427 819 3485 vel
840 3427 940 3502 gloria,
954 3439 986 3487 ut
1007 3429 1076 3487 nihil
1096 3441 1196 3504 posset

207 3526 353 3597 accedere,
368 3524 514 3584 moriundi
532 3533 628 3584 autem
647 3541 764 3582 sensum
784 3526 914 3586 celeritas
932 3528 1063 3587 abstulit:
1087 3529 1196 3606 quode
