2662 3908
518 269 564 317 nn
584 267 765 318 AMICITIA.
827 255 830 262 ’
1096 279 1138 348 53

144 428 255 488 stabilis
268 438 365 505 potest
379 447 453 489 esse.
495 429 672 489 Addendum
687 431 793 490 eodem
809 441 862 502 est,
876 441 907 490 ut
921 448 959 487 ne
973 427 1139 488 criminibus

144 537 196 585 aut
217 527 374 586 inferendis
399 528 557 588 delectetur
578 539 626 588 aut
647 529 747 588 credat
767 529 878 599 oblatis,
901 545 977 603 quae
997 527 1141 602 pertinent

144 625 245 682 omnia
265 624 304 682 ad
324 643 397 695 earn,
416 643 506 701 quam
524 627 583 684 iam
602 627 713 706 dudum
731 636 833 699 tract0,
853 625 1054 685 constantiam.
1096 621 1142 680 Ita

145 722 178 780 fit
195 739 295 779 verum
315 721 394 792 illud,
413 723 494 798 quod
515 723 596 783 initio
615 724 683 795 dixi,
703 725 860 783 amicitiam
880 724 935 782 nisi
954 723 1026 780 inter
1045 720 1141 778 bonos

145 836 212 877 esse
227 837 287 877 non
301 837 405 894 posse;
427 830 472 878 est
486 822 564 878 enim
578 823 650 879 boni
662 823 723 894 viri,
739 841 826 898 quem
842 821 967 880 eundem
981 820 1141 896 sapientem

145 915 214 973 licet
234 915 336 986 dicere,
356 914 429 974 haec
451 917 510 975 duo
530 926 631 977 tenere
651 919 682 976 in
701 921 841 978 amicitia:
863 919 997 995 primum,
1017 935 1054 974 ne
1073 915 1143 991 quid

146 1013 248 1071 fictum
271 1012 308 1071 sit
330 1031 403 1070 neve
427 1013 609 1085 simulatum
634 1025 734 1090 aperte
758 1016 837 1074 enim
858 1014 903 1073 vel
927 1015 1024 1073 odisse
1049 1014 1142 1090 magis

145 1111 266 1187 ingenui
287 1121 331 1170 est
351 1129 439 1188 quam
459 1111 554 1170 fronte
574 1114 718 1174 occultare
740 1115 929 1185 sententiam3
956 1112 1061 1170 deinde
1082 1129 1142 1169 non

146 1209 244 1268 solum
258 1210 295 1266 ab
310 1209 407 1285 aliquo
422 1209 532 1268 adlatas
547 1211 761 1269 criminationes
772 1211 917 1286 repellere,
930 1209 981 1268 sed
996 1227 1033 1266 ne
1046 1209 1142 1284 ipsum

147 1309 267 1386 quidem
289 1298 366 1366 essev
379 1308 575 1383 suspitiosum‚
597 1325 712 1384 semper
737 1308 844 1385 aliquid
867 1309 1077 1367 existimantem
1105 1308 1141 1364 ab

93 1415 137 1467 66
148 1407 245 1466 amico
259 1425 324 1466 esse
335 1407 478 1484 violatum.
521 1405 651 1465 Accedat
664 1406 721 1465 huc
736 1407 859 1465 suavitas
870 1405 1014 1483 quaedam
1028 1413 1143 1480 oportet

148 1522 317 1565 sermonum
341 1514 428 1581 atque
452 1522 576 1575 morum,
598 1504 676 1563 haud
700 1523 848 1581 quaquam
873 1505 1020 1563 mediocre
1041 1501 1142 1560 condi-

147 1613 279 1662 mentum
300 1605 450 1662 amicitiae.
494 1603 623 1661 Tristitia
644 1613 741 1662 autem
762 1603 841 1661 etin
859 1602 940 1660 omni
957 1620 988 1659 re
1010 1600 1142 1658 severitas

148 1700 236 1760 habet
259 1702 308 1760 illa
332 1701 450 1778 quidem
476 1702 653 1778 gravitatem,
679 1701 732 1760 sed
757 1701 882 1759 amicitia
909 1700 1053 1758 remissior
1076 1717 1141 1756 esse

148 1799 236 1858 debet
256 1810 284 1858 et
304 1800 418 1858 liberior
437 1799 596 1887 etzdulcior
618 1811 647 1859 et
668 1799 705 1857 ad
726 1817 846 1858 omnem
866 1799 1034 1856 comitatem
1053 1795 1141 1854 facili-

148 1908 296 1975 tatemque
310 1899 471 1974 proclivior.
471 1870 500 1974 ,l

96 2001 138 2056 67
186 1997 233 2058 19.
261 1995 380 2055 Exsistit
404 2006 500 2055 autem
525 1996 582 2056 hoc
604 1996 671 2056 loco
693 1996 836 2073 quaedam
860 1993 992 2070 quaestio
1015 1992 1142 2052 subdiffi-
1155 2003 1194 2078 (5)
1211 2003 1276 2052 New

149 2093 220 2164 cilis,
240 2112 310 2151 num
330 2095 450 2170 quando
472 2095 556 2152 amici
578 2095 653 2165 novi,
676 2094 755 2169 digni
777 2093 909 2162 amicitia,
924 2093 1065 2150 veteribus
1087 2067 1290 2181 sintggssffijold

150 2191 355 2266 anteponendi,
377 2201 409 2248 ut
430 2192 512 2267 equis
533 2191 634 2250 vetulis
655 2200 771 2270 teneros
796 2200 973 2266 anteponere
996 2190 1122 2248 solemus
1135 2211 1141 2248 :
1154 2201 1183 2256 §t
1196 2198 1234 2261 67,
1247 2169 1298 2248 68.'

150 2288 270 2363 indigna
294 2288 413 2346 homine
434 2288 590 2346 dubitatiol
622 2304 684 2345 non
708 2288 788 2346 enim
809 2287 915 2346 debent
938 2305 1001 2346 esse
1026 2287 1143 2346 amiciti·

151 2403 242 2454 arum,
257 2385 331 2444 sicut
346 2386 466 2443 aliarum
485 2403 590 2457 rerum,
606 2385 768 2443 satietates:
789 2386 940 2443 veterrima
958 2404 1098 2462 quaeque,
1112 2396 1144 2445 ut

151 2501 187 2540 ea
213 2483 287 2554 vina,
316 2501 391 2558 quae
419 2492 591 2542 vetustatem
619 2483 721 2553 ferunt,
750 2501 815 2540 esse
849 2483 936 2541 debet
966 2483 1144 2555 suavissima,

150 2560 308 2656 vemmque
321 2581 391 2639 illud
411 2591 464 2652 est,
479 2582 560 2656 quod
582 2581 691 2650 dicitur,
706 2581 815 2638 multos
834 2581 951 2640 modios
972 2582 1039 2640 salis
1060 2582 1145 2639 simul

102 2679 284 2739 caedendos
305 2697 376 2749 esse,
396 2688 429 2737 ut
449 2679 591 2738 amicitiae
612 2697 718 2736 munus
739 2678 886 2753 expletum
910 2681 953 2736 sit.
996 2678 1145 2738 Novitates

151 2786 257 2846 autem,
271 2775 295 2834 si
309 2793 393 2851 spem
409 2775 540 2834 adfemnt
554 2785 586 2834 ut
599 2785 747 2852 tamquam
767 2775 799 2832 in
812 2774 908 2834 herbis
923 2793 985 2834 non
999 2775 1145 2835 fallacibus

151 2873 260 2932 fructus
274 2873 421 2949 adpareat,
436 2891 497 2931 non
512 2883 579 2931 sunt
593 2873 657 2931 illae
672 2873 790 2949 quidem
804 2874 1008 2948 repudiandae,
1022 2883 1146 2933 vetustas

152 2981 251 3029 tamen
267 2988 322 3029 suo
335 2971 402 3029 loco
417 2970 617 3030 conservanda
625 2991 634 3043 ;
655 2971 785 3029 maxima
798 2980 843 3030 est
857 2971 935 3029 enim
946 2973 988 3030 vis
999 2973 1146 3030 vetustatis

153 3078 183 3127 et
206 3067 433 3126 consuetudinis.
476 3067 555 3140 Quin
576 3069 640 3144 ipso
664 3086 750 3144 equo,
772 3069 854 3126 cuius
879 3069 969 3126 modo
990 3069 1045 3126 leci
1066 3087 1147 3127 men-

152 3165 272 3234 tionem,
294 3165 318 3222 si
339 3164 417 3222 nulla
437 3183 483 3224 res
504 3165 640 3240 inpediat,
662 3183 751 3223 nemo
772 3176 816 3225 est
837 3167 908 3241 quin
929 3184 975 3238 e0,
997 3183 1056 3241 quo
1078 3182 1149 3222 con-.
1194 3175 1196 3182 ⁴

154 3263 252 3333 suevit,
266 3262 401 3320 libentius
420 3272 515 3321 utatur
529 3281 617 3338 quam
636 3263 788 3321 intractato
806 3273 835 3320 et
849 3271 943 3334 novo;
967 3281 1022 3320 nec
1036 3279 1103 3320 vero
1118 3263 1148 3319 in

154 3359 219 3429 hoc,
234 3359 315 3435 quod
336 3369 380 3417 est
401 3359 516 3429 animal,
539 3359 590 3418 sed
611 3361 642 3417 in
663 3361 697 3417 iis
718 3361 814 3431 etiam,
829 3377 903 3435 quae
925 3369 992 3418 sunt
1012 3359 1149 3428 inanima,

154 3456 335 3516 consuetudo
363 3456 446 3528 valet,
475 3475 542 3515 cum
570 3457 641 3516 locis
674 3458 745 3533 ipsis
775 3457 959 3527 delectemur,
987 3457 1150 3515 montuosis

154 3553 241 3613 etiam
256 3563 285 3612 et
299 3553 481 3627 silvestribus,
497 3555 527 3612 in
542 3554 646 3630 quibus
662 3554 768 3612 diutius
783 3555 956 3612 commorati
972 3571 1079 3612 sumus.
