2662 3908
208 242 250 310 52
512 228 551 282 M.
575 228 695 278 TULLII
716 229 907 280 CICERONIS

213 385 350 446 iudicium
373 384 502 461 tollitque
530 383 698 460 experiundi
726 396 908 462 potestatem.
951 386 1005 450 Est
1031 391 1116 468 igitur
1140 412 1206 470 pru·
1214 400 1262 453 63

212 485 306 542 dentis
327 484 466 541 sustinere
486 491 518 540 ut
538 500 662 554 cursum,
683 483 724 543 sic
744 485 885 562 impetum
904 489 1130 560 benevolentiae,
1146 510 1208 568 quo

209 588 325 638 utamur
346 581 427 656 quasi
455 581 537 658 equis
564 584 711 658 temptatis
736 585 779 644 sic
807 585 904 661 aliqua
931 597 1012 661 parte
1038 585 1206 662 periclitatis

209 677 339 735 moribus
361 678 529 736 amicorum.
570 678 698 751 Quidam
720 699 808 759 saepe
829 683 860 739 in
884 701 972 759 parva
994 685 1118 760 pecunia
1141 703 1206 760 per-

210 775 367 851 spiciuntur
397 793 486 852 quam
516 776 573 834 sint
603 777 688 849 leves,
717 779 835 853 quidam
870 790 977 851 autem,
1006 798 1081 857 quos
1116 799 1207 858 parva
1248 846 1251 850 ,

211 890 329 944 movere
345 890 406 931 non
424 872 527 948 potuit,
542 881 761 947 cognoscuntur
774 872 805 930 in
823 891 950 950 magna3
973 875 1018 933 sin
1033 893 1102 934 vero
1121 888 1207 938 erunt

211 971 299 1047 aliqui
325 972 429 1047 reperti
456 972 506 1047 qui
532 970 688 1046 pecuniam
715 970 859 1047 praeferre
887 972 1030 1032 amicitiae
1055 974 1206 1033 sordidum

210 1070 383 1140 existiment,
408 1069 458 1127 ubi
482 1086 534 1128 eos
558 1068 747 1139 inveniemus,
772 1069 823 1145 qui
850 1069 987 1141 honores,
1012 1072 1206 1147 magistratus,

210 1168 338 1243 imperia,
352 1178 518 1244 potestates,
538 1185 609 1243 opes
628 1167 770 1242 amicitiae
789 1185 851 1226 non
871 1179 1059 1244 anteponant,
1078 1180 1117 1242 ut,
1135 1189 1205 1230 cum

210 1282 245 1322 ex
268 1265 356 1323 altera
376 1276 457 1341 parte
477 1265 625 1341 proposita
644 1263 717 1322 haec
738 1265 803 1334 sint,
821 1283 858 1324 ex
879 1265 967 1325 altera
986 1267 1031 1325 ius
1052 1268 1204 1338 amicitiae,

209 1378 270 1419 non
289 1363 381 1422 multo
400 1364 447 1421 illa
466 1364 586 1421 malint?
629 1362 768 1421 Inbecilla
785 1362 863 1420 enim
884 1373 928 1422 est
948 1373 1051 1422 natura
1071 1365 1109 1423 ad
1130 1383 1203 1424 con·

208 1461 395 1518 temnendam
421 1461 599 1536 potentiam;
635 1477 724 1536 quam
751 1460 838 1518 etiam
865 1461 890 1520 si
917 1461 1051 1537 neglecta
1078 1462 1204 1522 amicitia

209 1557 357 1616 consecuti
385 1558 448 1629 sint,
473 1559 659 1616 obscuratum
686 1558 720 1614 iri
747 1557 928 1627 arbitrantur,
954 1560 1022 1634 quia
1049 1576 1110 1616 non
1139 1560 1202 1618 sine

207 1672 316 1730 magna
337 1673 424 1712 causa
444 1656 480 1714 sit
501 1655 634 1731 neglecta
653 1654 786 1713 amicitia.
829 1654 933 1729 Itaque
954 1673 1037 1714 verae
1058 1657 1255 1720 amicitiae64

209 1753 372 1812 difficillime
391 1753 570 1842 peperiuntur
583 1753 614 1810 in
631 1753 675 1822 iis,
689 1753 738 1827 qui
753 1753 784 1809 in
797 1751 959 1810 honoribus
977 1770 1065 1828 reque
1084 1755 1202 1829 publica

207 1852 450 1924 versanturtpubi
478 1851 556 1908 enim
584 1851 671 1908 istum
700 1849 837 1918 invenias,
866 1850 916 1925 qui
943 1849 1087 1908 honorem
1114 1852 1201 1910 amici

207 1958 364 2025 anteponat
374 1939 465 2007 ‘''suol
507 1946 607 2019 Quid?
643 1944 715 2004 haec
743 1955 775 2004 ut
804 1945 944 2016 omittam,
973 1964 1061 2022 quarn
1087 1965 1200 2022 graves,

206 2064 294 2122 quam
308 2046 436 2104 difficiles
454 2045 598 2121 plerisque
611 2044 743 2102 videntur
757 2042 952 2100 calamitatum
971 2045 1139 2102 societatesl
1162 2046 1200 2105 ad

206 2161 279 2217 quas
303 2161 364 2200 non
387 2153 432 2201 est
455 2142 538 2201 facile
562 2143 681 2200 inventu
708 2141 758 2217 qui
782 2139 969 2200 descendant.
1011 2140 1199 2219 Quamquam

205 2239 319 2297 Ennius
332 2251 409 2299 recte

417 2351 533 2401 ‘Amicus
549 2359 630 2401 certus
646 2352 671 2400 in
688 2365 715 2400 re
731 2350 824 2402 incerta
840 2349 962 2410 cernitur,’

204 2462 302 2513 tamen
314 2454 387 2511 haec
401 2452 459 2511 duo
473 2453 593 2511 levitatis
607 2462 635 2510 et
649 2451 820 2511 infirmitatis
837 2453 991 2528 plerosque
1010 2453 1196 2527 convincunt,

204 2563 253 2609 aut
267 2552 291 2609 si
304 2551 334 2608 in
348 2551 433 2609 bonis
447 2551 533 2608 rebus
548 2559 742 2608 contemnunt
755 2559 804 2607 aut
819 2549 849 2606 in
863 2549 948 2607 malis
958 2549 1101 2608 deserunt
1138 2551 1198 2622 Qui

204 2649 289 2726 igitur
302 2658 421 2723 utraque
439 2647 470 2704 in
488 2665 519 2705 re
533 2665 659 2723 gravem,
675 2657 867 2717 constantem,
883 2647 1015 2705 stabilem
1029 2665 1061 2706 se
1075 2649 1106 2706 in
1123 2650 1196 2705 ami-

205 2748 271 2806 citia
284 2746 462 2825 praestiterit,
473 2744 551 2804 hunc
565 2765 601 2804 ex
615 2747 743 2805 maxime
757 2764 822 2804 raro
837 2762 943 2821 genere
956 2745 1109 2804 hominum
1123 2746 1196 2805 iudi·

204 2862 270 2904 care
284 2845 423 2903 debemus
436 2853 465 2902 et
478 2862 571 2919 paene
586 2844 693 2903 divino·
841 2920 843 2924 ι

242 2944 288 3002 18.
322 2942 551 3000 Firmamentum
578 2950 674 2999 autem
701 2941 861 3001 stabilitatis
889 2940 1126 3018 constantiaeque
1152 2951 1241 3004 est65

203 3044 273 3113 eius,
285 3059 373 3119 quam
384 3042 415 3098 in
426 3039 551 3099 amicitia
561 3039 735 3115 quaerimus
746 3040 836 3111 fides3
857 3038 927 3097 nihil
941 3050 986 3098 est
996 3040 1074 3098 enim
1085 3039 1194 3111 stabile,

203 3127 286 3220 quod*
308 3140 429 3198 infidum
450 3147 501 3198 est
544 3137 712 3213 Simplicem
736 3147 884 3213 praeterea
905 3146 934 3195 et
954 3153 1143 3196 communem
1166 3149 1195 3197 et

204 3240 443 3306 consentientem,
464 3235 494 3292 id
514 3244 567 3304 est,
589 3237 638 3312 qui
658 3236 744 3294 rebus
762 3235 856 3294 isdem
876 3245 1034 3305 moveatur,
1056 3235 1123 3310 eligi
1143 3252 1194 3311 par

203 3348 255 3408 est,
269 3355 344 3412 quae
358 3335 458 3392 omnia
472 3333 616 3408 pertinent
633 3334 671 3391 ad
690 3332 873 3403 fidelitatem
895 3350 991 3409 neque
1009 3333 1087 3392 enim
1104 3332 1192 3392 lidum

202 3443 297 3508 potest
310 3451 375 3490 esse
389 3430 540 3505 multiplex
553 3429 703 3504 ingenium
717 3438 746 3487 et
759 3439 929 3498 tortuosum,
942 3431 1037 3505 neque
1051 3448 1129 3500 ver0,
1144 3433 1191 3507 qui

201 3546 263 3588 non
281 3529 374 3587 isdem
392 3529 478 3587 rebus
495 3535 627 3585 movetur
641 3536 800 3602 naturaque
819 3527 969 3597 consentit,
985 3536 1034 3585 aut
1051 3527 1126 3586 fidus
1144 3540 1191 3588 aut

155 3809 218 3819 -.-
