2662 3908
512 231 558 280 DE
579 230 760 280 AMICITIA.
1089 248 1132 316 45

97 407 100 412 ·
137 387 234 449 facere
257 399 393 468 rogatum
417 400 446 450 et
470 408 582 466 rogare.
623 389 663 447 At
684 407 751 446 vero
773 387 821 448 Ti.
844 386 1010 446 Gracchum
1031 405 1134 463 seque-

137 487 243 545 bantur
268 486 301 546 C.
323 486 430 559 Carbo,
452 486 487 546 C.
509 487 592 558 Cato,
618 496 648 545 et
671 485 791 543 minime
815 496 876 544 tum
901 484 1020 560 quidem
1042 482 1133 542 Galus

137 583 233 649 irater,
248 601 328 641 nunc
341 585 420 643 idem
435 586 598 643 acerrimus.

80 685 126 738 40
179 680 226 740 12.
248 679 333 738 Haec
351 681 437 756 igitur
455 681 502 740 lex
520 682 551 739 in
571 681 696 740 amicitia
718 680 869 752 sanciatur,
883 690 915 739 ut
934 699 1030 757 neque
1048 700 1132 759 roge·

137 795 203 836 mus
217 795 264 836 res
278 779 369 854 turpis
381 797 437 856 nec
448 778 587 837 faciamus
600 779 713 854 rogati;
734 780 824 854 turpis
838 778 916 836 enim
926 780 1074 837 excusatio
1089 790 1133 838 est

136 886 166 934 et
186 874 307 934 minime
328 875 499 952 accipienda
519 894 586 938 cum
607 875 638 932 in
658 876 760 934 ceteris
781 877 916 952 peccatis,
938 884 1000 934 tum
1021 878 1045 934 si
1066 878 1131 952 quis

137 983 239 1031 contra
252 990 314 1031 rem
328 973 473 1048 publicam
487 990 519 1030 se
533 971 618 1029 amici
632 989 721 1030 causa
735 971 839 1030 iecisse
853 971 982 1031 fateatur.
1014 972 1132 1044 Etenim

136 1087 174 1128 eo
188 1069 266 1140 1000,
280 1069 372 1127 Fanni
385 1079 415 1128 et
429 1069 576 1140 Scaevola,
591 1069 678 1128 locati
693 1086 801 1139 sumus,
816 1078 848 1126 ut
864 1087 920 1126 nos
939 1070 1027 1145 longe
1047 1089 1131 1146 pros-

136 1167 233 1244 picere
251 1177 384 1242 oporteat
403 1167 514 1226 futuros
532 1184 617 1224 casus
636 1167 678 1224 rei
698 1166 849 1241 publicae:
871 1165 989 1226 deflexit
1003 1167 1063 1224 iam
1081 1168 1131 1225 ali·

89 1266 309 1341 41quantulum
323 1265 359 1323 de
373 1265 468 1340 spatio
483 1265 681 1340 curriculoque
696 1263 875 1323 consuetudo
889 1265 1040 1324 maiorum.
1083 1264 1131 1325 Ti.

137 1361 289 1422 Gracchus
303 1380 426 1438 regnum
444 1380 586 1438 occupare
605 1372 727 1420 conatus
745 1371 797 1432 est,
812 1362 857 1420 vel
877 1363 1005 1438 regnavit
1023 1363 1048 1421 is
1067 1363 1131 1439 qui·

136 1458 206 1518 dem
226 1477 335 1535 paucos
356 1477 489 1520 menses:
522 1477 593 1518 num
617 1459 687 1536 quid
712 1459 803 1518 simile
827 1460 953 1537 populus
978 1461 1132 1521 Romanus

136 1558 266 1616 audierat
279 1567 327 1616 aut
340 1557 467 1616 viderat?
502 1558 593 1616 Hunc
608 1560 694 1616 etiam
708 1568 777 1635 post
790 1568 915 1618 mortem
935 1561 1024 1619 secuti
1044 1561 1130 1619 amici

136 1649 166 1716 et
180 1655 336 1733 propinqui
350 1655 420 1730 quid
434 1656 465 1713 in
482 1655 514 1714 P.
530 1656 666 1733 Scipione
685 1657 834 1716 effecerint
853 1659 915 1718 sine
929 1660 1053 1718 lacrimis
1068 1677 1129 1717 non

136 1771 215 1832 queo
229 1754 333 1812 dicere.
375 1751 454 1812 Nam
469 1752 645 1824 Carbonem,
661 1773 845 1831 quocumque
863 1757 954 1814 modo
973 1758 1128 1834 potuimus

136 1862 254 1929 propter
274 1861 421 1910 recentem
442 1869 570 1929 poenam
592 1853 639 1911 Ti.
661 1852 787 1911 Gracchi
807 1855 1010 1926 sustinuimus3
1035 1855 1071 1913 de
1093 1853 1129 1914 C.

136 1951 263 2012 Gracchi
277 1959 374 2009 autem
388 1951 533 2009 tribunatu
548 1951 616 2028 quid
631 1961 798 2027 exspectem
815 1970 876 2010 non
890 1951 968 2011 lubet
981 1953 1129 2028 augurari:

136 2049 225 2126 serpit
245 2048 350 2107 deinde
370 2067 425 2118 res,
440 2067 516 2125 quae
535 2049 690 2125 proclivius
711 2049 749 2108 ad
770 2050 935 2125 perniciem,
950 2068 1017 2108 cum
1039 2051 1130 2108 semel

136 2148 242 2223 coepit,
256 2147 365 2206 labitur.
407 2145 520 2206 Videtis
536 2148 567 2206 in
584 2147 689 2205 tabella
704 2147 762 2206 iam
783 2157 850 2206 ante
869 2158 978 2225 quanta
997 2150 1034 2206 sit
1054 2149 1129 2207 lacta

135 2245 225 2315 labes
239 2244 333 2321 primo
348 2243 475 2303 Gabinia
487 2245 561 2322 lege,
569 2245 689 2304 biennio
702 2256 800 2304 autem
813 2255 880 2321 post
895 2245 1010 2305 Cassia:
1031 2246 1128 2305 videre

136 2344 195 2400 iam
209 2342 308 2401 videor
320 2343 492 2418 populuma
506 2353 608 2402 senatu
620 2343 801 2414 disiunctum,
813 2343 1002 2402 multitudinis
1013 2345 1128 2404 arbitrio

136 2459 183 2500 res
195 2441 337 2499 maximas
351 2441 398 2516 agi
405 2460 414 2513 ;
432 2441 529 2517 plures
542 2443 621 2500 enim
635 2441 754 2512 discent,
769 2459 856 2517 quem
869 2442 908 2500 ad
921 2442 1043 2501 modum
1056 2443 1130 2503 haec

87 2543 129 2596 42
138 2539 217 2608 fiant,
231 2556 320 2615 quam
334 2557 422 2614 quem
436 2538 475 2597 ad
488 2539 611 2597 modum
624 2539 670 2597 his
683 2540 837 2599 resistatur.
874 2538 1023 2611 Quorsum
1036 2541 1130 2600 haec?

136 2636 206 2713 quia
219 2636 281 2694 sine
294 2636 381 2694 sociis
392 2653 479 2694 nemo
491 2637 647 2712 quicquam
662 2637 718 2695 tale
732 2647 859 2696 conatur.
890 2637 1130 2714 Praecipiendum

137 2743 182 2792 est
195 2733 281 2809 igitur
292 2733 379 2791 bonis
395 2743 435 2803 ut,
451 2733 475 2791 si
493 2734 524 2791 in
543 2735 605 2792 eius
621 2735 702 2793 modi
718 2736 825 2793 amiciti
844 2754 858 2795 s
877 2735 969 2812 ignari
989 2755 1058 2795 casu
1078 2737 1131 2794 ali-

137 2849 197 2909 quo
210 2829 371 2901 inciderint,
386 2849 423 2888 ne
437 2831 602 2889 existiment
619 2831 659 2889 ita
675 2849 706 2890 se
721 2754 872 2909 adliglss's,
885 2844 917 2893 ut
934 2836 972 2892 ab
986 2835 1087 2894 amicis
1100 2836 1131 2892 in

137 2946 246 3004 magna
260 2928 356 3004 aliqua
374 2946 405 2986 re
424 2929 611 3003 peccantibus
631 2947 693 2987 non
713 2929 870 3020 discedant,
881 2933 1015 3007 'inprobis
1033 2942 1131 2990 autem

137 3044 235 3103 poena
248 3025 400 3084 statuenda
418 3035 470 3096 est,
485 3044 540 3084 nec
554 3044 621 3085 vero
641 3029 737 3086 minor
754 3029 796 3099 iis,
811 3029 860 3105 qui
879 3030 970 3088 secuti
988 3039 1070 3088 erunt
1089 3029 1129 3087 al-

138 3135 239 3191 terum,
269 3140 358 3199 quarn
384 3123 426 3193 iis,
452 3124 502 3198 qui
528 3123 584 3199 ipsi
611 3125 716 3184 fuerint
743 3106 886 3204 inpietatis
915 3121 1012 3185 duces.
1055 3125 1130 3198 Quis

138 3222 242 3280 clarior
265 3222 296 3279 in
320 3220 444 3280 Graecia
465 3221 683 3283 Themistocle?
712 3227 777 3301 quis
797 3226 961 3302 potentior?
989 3227 1129 3301 quicum

137 3321 293 3396 imperator
305 3320 383 3378 bello
398 3319 513 3378 Persico
529 3322 661 3381 servitute
676 3322 830 3382 Graeciam
848 3323 1024 3382 liberavisset
1041 3341 1128 3400 prop-

138 3426 239 3492 terque
256 3418 391 3476 invidiam
411 3419 442 3476 in
463 3419 596 3478 exsilium
616 3421 754 3496 expulsus
775 3431 858 3492 esset,
872 3421 1001 3497 ingratae
1020 3424 1129 3498 patriae

136 3515 271 3576 iniuriam
284 3533 345 3575 non
359 3516 429 3590 tulit,
441 3534 530 3596 quam
543 3517 615 3580 ferre
630 3518 744 3579 debuit:
767 3519 834 3579 lecit
847 3520 925 3578 idem
939 3521 1018 3598 quod
1029 3521 1127 3598 viginti
