2662 3908
530 251 576 298 DE
597 248 780 300 AMICITIA.
829 253 832 256 '
1107 265 1148 334 57

154 407 266 466 bonum
281 418 388 468 norunt
405 409 460 468 nisi
475 407 556 485 quod
570 407 749 468 fructuosum
767 408 812 480 sit,
827 417 856 468 et
875 406 985 467 amicos
999 415 1149 481 tamquam

154 506 283 582 pecudes
316 524 367 566 eos
399 506 584 583 potissimum
611 507 743 582 diligunt,
771 525 808 564 ex
835 507 940 583 quibus
956 513 1083 580 ,sperant
1117 519 1149 559 se

97 605 317 662 80maximum
340 604 465 664 fructum
482 623 555 664 esse
581 615 724 681 capturos.
767 604 813 663 Ita
836 602 1027 681 pulcherrima
1051 601 1099 659 illa
1120 608 1149 657 et

154 703 283 760 maxime
298 703 419 762 naturali
431 715 531 762 carent
545 704 670 762 amicitia
683 722 735 780 per
749 721 781 762 se
795 713 824 762 et
837 713 957 778 propter
971 719 1001 760 se
1016 698 1148 775 expetita,

154 819 210 859 nec
231 800 287 876 ipsi
308 800 363 860 sibi
383 801 519 877 exemplo
541 811 615 872 sunt,
636 801 708 860 haec
730 801 771 858 vis
793 799 934 857 amicitiae
959 807 988 856 et
1009 797 1100 873 qualis
1121 805 1150 852 et

154 904 265 970 quanta
280 893 315 952 sit
327 913 336 966 3
358 895 420 969 ipse
435 895 513 952 enim
528 913 560 954 se
574 896 697 972 quisque
712 895 811 969 diligit,
825 911 887 952 non
900 903 932 950 ut
946 892 1072 967 aliquam
1086 909 1104 948 a
1118 907 1149 948 se

153 993 218 1067 ipse
232 991 398 1050 mercedem
412 991 510 1068 exigat
524 993 648 1052 caritatis
662 1011 738 1064 suae,
755 992 807 1052 sed
821 991 901 1068 quod
915 1009 966 1066 per
980 1008 1011 1048 se
1026 989 1148 1064 quisque

154 1090 211 1148 sibi
234 1107 318 1148 carus
342 1100 405 1149 est:
434 1090 516 1166 quod
540 1090 597 1148 nisi
620 1090 698 1148 idem
723 1091 753 1148 in
777 1089 932 1148 amicitiam
955 1087 1148 1155 transferetur,

153 1205 239 1244 verus
260 1187 370 1246 amicus
384 1205 545 1264 numquam
558 1190 732 1265 reperietur3
755 1198 798 1246 est
812 1188 890 1246 enim
904 1187 936 1258 is,
952 1187 1001 1262 qui
1014 1196 1059 1244 est
1077 1194 1149 1242 tam·

107 1293 147 1346 81
155 1302 245 1359 quarn
266 1285 336 1344 alter
357 1285 444 1345 idem.
487 1285 578 1357 Quod
597 1287 621 1344 si
640 1287 697 1345 hoc
717 1285 838 1361 adparet
854 1287 885 1343 in
904 1285 1012 1354 bestiis,
1027 1283 1148 1340 volucri·

154 1384 211 1440 bus
232 1382 367 1442 nantibus
388 1384 557 1459 agrestibus,
572 1383 714 1442 cicuribus
734 1381 810 1453 feris,
826 1383 951 1459 primum
964 1390 996 1438 ut
1016 1397 1048 1438 se
1068 1379 1149 1456 ipsae

155 1479 347 1556 diligant-id
372 1483 450 1539 enim
475 1481 580 1558 pariter
601 1499 668 1541 cum
692 1481 773 1539 omni
801 1480 946 1538 animante
974 1479 1149 1549 nascitur-,

156 1576 263 1636 deinde
287 1587 320 1636 ut
343 1581 489 1656 requirant
511 1589 598 1656 atque
624 1579 770 1655 adpetant,
792 1577 831 1636 ad
852 1595 924 1654 quas
949 1595 980 1637 se
1004 1576 1149 1652 adplicant

155 1676 288 1736 eiusdem
309 1679 424 1752 generis
445 1678 609 1748 animantis,
628 1679 716 1754 idque
736 1676 846 1736 faciunt
866 1694 935 1734 cum
956 1675 1099 1734 desiderio
1120 1686 1150 1734 et

155 1791 224 1831 cum
238 1773 365 1849 quadam
380 1773 564 1834 similitudine
579 1776 686 1834 amoris
700 1773 829 1842 humani,
844 1785 953 1849 quanto
967 1772 997 1830 id
1011 1774 1104 1848 magis
1118 1773 1149 1830 in

154 1869 275 1928 homine
290 1870 321 1928 fit
335 1880 445 1939 natura,
461 1871 510 1946 qui
531 1881 561 1930 et
582 1889 614 1930 se
634 1871 697 1946 ipse
717 1870 808 1946 diligit
828 1881 857 1929 et
877 1871 998 1929 alterum
1016 1871 1149 1946 anquirit,

155 1967 238 2026 cuius
253 1968 383 2106 aninqrssr
396 1969 436 2025 ita
449 1985 519 2026 cum
531 1985 585 2028 suo
599 1969 727 2038 misceat,
738 1978 770 2026 ut
784 1968 888 2026 efficiat
901 1985 995 2044 paene
1006 1985 1097 2025 unum
1112 1985 1148 2024 ex

155 2064 281 2123 duobus.

99 2168 145 2220 82
192 2163 244 2220 22.
272 2160 330 2220 Sed
350 2161 478 2236 plerique
500 2180 641 2238 perverse,
662 2181 700 2222 ne
723 2164 819 2222 dicam
839 2164 1019 2240 inpudenter,
1040 2161 1148 2224 habere

155 2257 244 2318 talem
259 2259 384 2317 amicum
398 2259 505 2329 volunt,
521 2261 621 2336 quales
640 2260 697 2337 ipsi
716 2279 779 2320 esse
794 2279 855 2321 non
868 2271 1001 2339 possunt,
1016 2279 1148 2338 quaeque

155 2357 211 2434 ipsi
232 2375 293 2414 non
314 2356 441 2414 tribuunt
462 2358 571 2429 amicis,
593 2358 666 2417 haec
690 2360 728 2418 ab
748 2360 783 2418 iis
808 2360 982 2419 desiderant.
1023 2358 1079 2418 Par
1104 2370 1149 2420 est

156 2465 253 2514 autem
267 2455 392 2531 primum
403 2455 499 2530 ipsum
511 2474 575 2514 esse
587 2456 678 2514 virum
688 2459 809 2527 bonum,
819 2467 880 2515 tum
892 2457 1011 2515 alterum
1025 2456 1148 2516 similem

156 2554 201 2612 sui
225 2571 371 2630 quaerere.
413 2553 450 2612 Iu
473 2555 577 2612 talibus
599 2573 642 2626 ea,
663 2573 752 2632 quam
772 2557 830 2614 iam
853 2537 963 2613 dudum
984 2564 1148 2624 tractamus,

156 2651 294 2712 stabilitas
322 2652 465 2710 amicitiae
491 2652 655 2711 confirmari
680 2663 785 2729 potest,
811 2672 878 2713 cum
902 2653 1036 2712 homines
1059 2654 1148 2712 bene·

154 2750 281 2808 volentia
308 2752 455 2810 coniuncti
484 2752 610 2826 primum
633 2752 836 2827 cupiditatibus
864 2752 907 2823 iis,
932 2753 1036 2828 quibus
1062 2752 1148 2810 ceteri

155 2849 290 2920 serviunt,
304 2849 495 2926 imperabunt,
510 2848 615 2907 deinde
634 2850 777 2925 aequitate
796 2850 959 2926 iustitiaque
979 2848 1148 2926 gaudebunt

155 2946 314 3022 omniaque
328 2947 399 3006 alter
412 2964 465 3022 pro
479 2948 569 3006 altero
583 2949 719 3025 suscipiet
733 2967 827 3024 neque
842 2950 999 3026 quicquam
1008 2967 1148 3025 umquam

155 3045 211 3103 nisi
236 3044 393 3103 honestum
416 3056 445 3104 et
468 3055 578 3104 rectum
603 3047 672 3105 alter
693 3048 730 3105 ab
754 3047 845 3106 altero
866 3047 1030 3124 postulabit,
1052 3065 1148 3124 neque

155 3142 251 3200 solum
266 3142 363 3202 colent
378 3144 450 3201 inter
465 3161 496 3202 se
510 3162 544 3202 ac
559 3144 685 3220 diligent,
701 3144 854 3203 sedetiam
869 3146 1057 3203 verebuntur:
1078 3163 1147 3204 nam

154 3242 317 3300 maximum
331 3252 536 3301 ornamentum
554 3243 695 3302 amicitiae
709 3244 789 3314 tollit,
804 3243 855 3319 qui
872 3262 909 3303 ex
928 3260 963 3302 ea
981 3242 1053 3301 tollit
1066 3261 1146 3301 vere-

105 3349 147 3402 83
156 3341 311 3417 cundiaml
344 3339 446 3416 Itaque
461 3342 539 3400 iniis
554 3342 732 3417 perniciosus
753 3351 797 3400 est
816 3360 902 3412 error,
917 3342 966 3418 qui
981 3340 1146 3398 existimant

154 3441 306 3498 libidinum
315 3449 559 3515 peccatorumque
569 3440 700 3498 omnium
710 3450 806 3516 patere
815 3442 846 3499 in
855 3441 979 3498 amicitia
989 3438 1143 3498 licentiam:

153 3541 291 3599 virtutum
312 3539 437 3598 amicitia
457 3539 579 3598 adiutrix
599 3558 616 3597 a
640 3552 742 3599 natura
767 3541 835 3599 data
857 3549 908 3612 est,
929 3557 991 3600 uon
1012 3539 1145 3598 vitiorum
