2662 3908
509 253 556 300 aa
577 251 758 304 lurcatur.
1088 268 1131 333 49

136 432 242 472 nomm
262 414 327 485 vita,
346 412 481 471 nimirum
501 412 532 471 in
546 429 611 487 qua
632 412 709 470 nulla
731 411 812 483 fides,
827 413 906 472 nulla
926 414 1037 486 caritas
1053 415 1130 473 nulla

136 513 246 571 stabilis
273 511 492 571 benevolentiae
520 520 617 586 potest
647 528 712 569 esse
744 510 857 582 fiducia,
885 513 985 571 omnia
1015 531 1130 588 semper

86 618 128 672 53
136 619 272 686 suspecta
285 619 371 686 atque
385 610 515 679 sollicita,
526 608 621 666 nullus
635 608 716 667 locus
726 596 887 681 'amicitiae3
910 611 975 687 quis
989 611 1067 680 enim
1080 622 1130 668 aut

135 725 203 766 eum
220 707 327 783 diligat,
343 725 430 784 quem
449 717 568 778 metuat,
586 716 634 765 aut
655 725 730 777 eum,
751 725 846 783 aquo
868 725 900 766 se
920 709 1009 766 metui
1029 709 1129 784 putet?

136 804 279 863 Coluntur
298 816 397 863 tamen
419 805 601 864 simulatione
621 805 771 863 dumtaxat
791 805 827 862 ad
847 815 980 880 tempus:
1002 807 1085 882 quod
1105 808 1135 880 si,

135 901 218 974 forte,
241 912 274 960 ut
301 901 332 961 fit
356 902 535 978 plerumque,
560 902 735 972 ceciderunt,
761 913 823 959 tum
846 902 1018 978 intellegitur
1042 920 1130 978 quam

134 1001 242 1058 luerint
260 999 363 1075 inopes
383 1001 562 1073 amicorum3
583 1000 665 1075 quod
684 1001 878 1076 Tarquinium
899 1000 1005 1059 dixisse
1027 999 1128 1070 serunt,

134 1107 197 1158 tum
213 1092 419 1178 [exsulantem]
432 1115 464 1155 se
478 1097 660 1167 intellexisse,
672 1116 747 1173 quos
761 1098 838 1156 fidos
852 1096 960 1156 amicos
973 1098 1128 1168 habuisset,

84 1201 127 1252 54
135 1211 212 1271 quos
225 1195 339 1266 infidos,
354 1212 421 1253 cum
436 1195 494 1253 iam
507 1195 615 1254 neutris
632 1196 754 1272 gratiam
772 1195 876 1253 referre
890 1205 1007 1270 posset:
1029 1213 1129 1270 quam·

135 1308 226 1367 quam
258 1293 346 1362 miror
373 1292 420 1350 illa
450 1293 585 1368 superbia
613 1303 642 1352 et
669 1292 875 1369 inportunitate
902 1293 926 1350 si
954 1309 1129 1368 quemquam

135 1390 263 1448 amicum
282 1390 390 1448 habere
410 1391 511 1466 potuit.
555 1391 651 1466 Atque
671 1402 703 1449 ut
721 1391 814 1460 huius,
834 1408 923 1466 quem
944 1390 1010 1460 dixi,
1033 1407 1130 1448 mores
1209 1423 1214 1435 ·

81 1495 85 1502 ¹
134 1505 220 1546 veros
234 1489 344 1546 amieos
357 1506 458 1563 parere
472 1506 533 1546 non
550 1498 714 1564 potuerunt,
730 1489 771 1547 sic
790 1489 946 1546 multorum
961 1505 1034 1563 opes
1048 1505 1129 1563 prae-

134 1586 296 1662 potentium
316 1585 474 1644 excludunt
493 1587 633 1645 amicitias
652 1586 762 1645 fidelis:
785 1602 847 1644 non
863 1587 941 1644 enim
959 1585 1053 1643 solum
1066 1586 1130 1662 ipsa

135 1681 264 1742 Fortuna
285 1701 372 1741 caeca
392 1693 444 1755 est,
466 1683 518 1742 sed
538 1703 589 1744 eos
610 1685 697 1744 etiam
717 1685 888 1761 plerumque
909 1684 995 1742 efficit
1015 1702 1127 1755 caecos

135 1797 211 1855 quos
232 1780 375 1856 conplexa
393 1791 453 1850 est;
475 1781 572 1857 itaque
593 1783 749 1841 efferuntur
768 1782 827 1840 lere
846 1781 961 1840 fastidio
980 1792 1008 1838 et
1027 1793 1127 1840 contu-

134 1878 238 1948 macia,
266 1895 362 1954 neque
390 1879 546 1956 quicquam
572 1880 727 1956 insipiente
752 1879 896 1937 fortunato
925 1879 1128 1938 intolerabilius

135 1975 196 2034 lieri
215 1985 320 2050 potest.
362 1978 458 2053 Atque
479 1977 536 2036 hoe
558 1979 675 2054 quidem
692 1978 788 2037 videre
809 1979 882 2048 licet,
898 1996 959 2049 eoa,
974 1979 1023 2053 qui
1044 1987 1129 2036 antea

135 2074 300 2132 commodis
314 2075 418 2133 fuerint
431 2077 570 2146 moribus,
585 2077 714 2152 imperio,
726 2086 878 2154 potestate,
889 2077 1033 2152 prosperis
1044 2077 1129 2133 rebus

134 2173 270 2231 inmutari
295 2168 405 2254 [sperni
432 2174 470 2232 ab
493 2174 528 2232 iis
551 2183 662 2238 veteres
686 2175 833 2246 amicitias,
858 2175 1000 2250 indulgeri
1024 2169 1128 2254 novis}

90 2273 128 2326 55
135 2269 218 2341 Quid
232 2280 328 2330 autem
342 2271 453 2329 stultius
468 2290 565 2347 quam,
577 2290 644 2330 cum
657 2272 814 2348 plurimum
828 2272 927 2348 copiis,
939 2272 1128 2344 facultatibus

135 2368 242 2445 opibus
256 2369 378 2444 possint,
393 2380 488 2427 cetera
506 2387 615 2445 parare,
631 2387 704 2445 quae
724 2379 861 2446 parantur
880 2369 1013 2445 pecunia,
1028 2388 1128 2446 equos,

134 2465 268 2536 famulos
283 2475 392 2525 vestem
406 2467 560 2543 egregiam,
575 2485 643 2526 vasa
659 2468 795 2543 pretiosa,
810 2468 920 2526 amicos
940 2485 1001 2524 non
1019 2485 1129 2542 parare,

135 2574 286 2640 optumam
300 2574 330 2622 et
345 2564 567 2640 pulcherrimam
580 2566 663 2636 vitae,
676 2575 709 2624 ut
726 2566 766 2623 ita
784 2566 887 2635 dicam,
903 2565 1129 2640 supellectilem?

134 2660 251 2722 Etenim
276 2672 373 2721 cetera
396 2681 464 2721 cum
487 2673 600 2740 parant,
622 2664 669 2721 cui
694 2672 797 2740 parent
818 2662 951 2720 nesciunt
971 2680 1026 2720 nec
1047 2664 1129 2721 cuius

135 2777 224 2818 causa
247 2759 394 2832 laborent;
424 2761 486 2818 eius
507 2761 586 2818 enim
606 2769 650 2818 est
670 2761 791 2818 istorum
813 2759 950 2836 quidque,
972 2760 1022 2834 qui
1041 2759 1130 2818 vincit

134 2857 257 2915 viribus:
286 2857 477 2915 amicitiarum
497 2875 551 2914 sua
574 2857 678 2931 cuique
699 2866 850 2931 permanet
875 2857 983 2915 stabilis
1004 2866 1032 2914 et
1053 2868 1130 2914 certa

135 2954 294 3032 possessio,
313 2964 353 3024 ut,
374 2954 460 3012 etiarn
482 2955 507 3012 si
527 2954 573 3012 illa
593 2966 741 3025 maneant,
764 2972 838 3030 quae
860 2964 926 3012 sunt
946 2954 1029 3029 quasi
1051 2954 1129 3012 dona

134 3051 290 3121 Fortunae,
304 3061 402 3109 tamen
416 3051 473 3108 vita
493 3051 600 3109 inculta
614 3061 643 3108 et
657 3051 770 3110 deserta
786 3052 823 3109 ab
837 3052 938 3110 amicis
956 3069 1018 3108 non
1036 3052 1129 3126 possit
1181 3117 1188 3131 Ι

135 3169 200 3210 esse
215 3149 348 3208 iucunda
391 3148 449 3207 Sed
462 3149 535 3208 haec
551 3149 699 3234 hactenus,
1157 3134 1183 3157 '¹

88 3253 128 3304 56
178 3246 225 3305 16.
245 3244 448 3304 Constituendi
466 3255 563 3304 autem
580 3233 663 3316 sunt,
672 3231 721 3322 qui
741 3247 797 3306 sint
815 3247 847 3305 in
865 3247 990 3305 amicitia
1008 3247 1081 3304 fines
1099 3256 1128 3305 et
1139 3251 1176 3314 (3)
1195 3251 1250 3300 The

135 3345 218 3420 quasi
230 3342 345 3400 termini
372 3342 518 3418 diligendi,
534 3343 570 3400 de
590 3343 694 3419 quibus
713 3344 763 3402 tris
777 3344 861 3402 video
880 3345 1036 3403 sententias
1053 3343 1126 3415 ferri,
1137 3317 1280 3444 fflffgsffil),

136 3459 258 3517 quarum
273 3441 380 3499 nullam
393 3443 504 3516 probo:
525 3457 623 3511 unam,
637 3450 669 3498 ut
683 3441 788 3499 eodem
804 3442 895 3499 modo
915 3459 984 3517 erga
1002 3443 1127 3500 amicum
1140 3451 1168 3507 li
1182 3446 1268 3509 56-61.

135 3537 241 3598 adlecti
262 3538 351 3598 simus
370 3555 430 3617 quo
451 3557 520 3616 erga
539 3534 764 3660 uosm'etnipsos,
783 3539 908 3616 alteram,
920 3550 960 3617 ,ut
979 3550 1083 3628 nostra
1097 3541 1128 3598 in
