2662 3908
525 240 572 288 on
592 238 774 293 rnrcrrm.
1098 249 1140 317 59

22 481 24 488 Α
150 398 213 460 siue
235 398 361 460 amicitia
380 399 469 459 vitam
492 417 557 460 esse
579 401 695 474 nullam,
718 401 742 461 si
763 401 854 462 modo
874 402 962 462 velint
986 401 1083 480 aliqua
1106 420 1144 461 ex

103 503 142 560 87
151 508 231 577 parte
252 498 402 558 liberaliter
415 477 533 590 vivere]
561 498 658 576 Serpit
678 500 758 559 enim
779 500 957 576 nescioquo
978 500 1069 560 modo
1090 518 1143 576 per

150 598 284 657 omnium
296 598 368 656 vitas
382 597 508 656 amicitia
526 616 581 656 nec
595 598 684 656 ullam
704 599 805 659 aetatis
824 599 977 674 degendae
997 599 1142 658 rationem

150 697 257 772 patitur
275 715 340 755 esse
359 706 507 774 expertem
527 698 571 755 sui
581 715 589 769 ;
612 697 786 773 quinetiam
806 698 911 774 siquis
930 699 1084 775 asperitate
1106 714 1142 755 ea

150 803 247 853 estet
270 795 438 853 inmanitate
461 804 589 866 naturae,
614 813 791 871 congressus
815 806 848 856 ut
873 795 1026 855 hominum
1050 795 1142 874 fugiat

149 901 239 969 atque
258 893 360 966 oderit,
374 893 490 970 qualem
511 892 600 953 luisse
615 894 740 954 Athenis
755 879 1143 971 Timoneffie‘siiiffie‘m

149 991 325 1067 accepimus,
347 1001 445 1051 tamen
465 992 490 1052 is
514 994 575 1070 pati
595 1011 658 1053 non
678 995 781 1072 possit,
801 1003 833 1052 ut
854 1011 916 1052 nou
938 994 1071 1070 anquirat
1093 993 1143 1051 ali-

149 1107 247 1166 quem,
261 1089 340 1166 apud
353 1108 442 1166 quem
456 1103 572 1152 evomat
586 1094 663 1152 virus
678 1094 842 1153 acerbitatis
857 1112 936 1152 suae.
972 1092 1069 1169 Atque
1083 1091 1141 1149 hoc

149 1189 275 1248 maxime
290 1189 469 1262 iudicaretur,
484 1192 509 1250 si
523 1192 594 1268 quid
608 1193 665 1251 tale
680 1203 780 1270 posset
794 1193 974 1268 contingere,
988 1202 1020 1249 ut
1040 1190 1142 1266 aliquis

150 1304 207 1346 nos
221 1286 292 1346 deus
307 1307 344 1346 ex
358 1287 413 1347 hac
426 1289 581 1348 hominum
595 1290 757 1368 frequentia
771 1291 882 1350 tolleret
896 1300 926 1349 et
940 1291 971 1349 in
987 1289 1142 1348 solitudine

149 1386 264 1461 uspiam
274 1386 440 1447 conlocaret
453 1397 539 1464 atque
553 1389 593 1448 ibi
608 1390 797 1466 subpeditans
807 1389 939 1447 omnium
954 1405 1057 1458 rerum,
1069 1405 1143 1462 quas

149 1493 254 1542 natura
276 1485 428 1557 desiderat,
450 1487 658 1546 abundantiam
683 1497 713 1546 et
733 1487 850 1565 copiam
871 1485 998 1544 hominis
1019 1485 1143 1543 omnino

148 1581 310 1656 aspiciendi
330 1592 504 1659 potestatem
524 1585 665 1660 eriperet:
695 1585 759 1660 quis
780 1593 841 1643 tam
863 1592 939 1642 esset
960 1581 1067 1640 ferreus
1092 1582 1144 1656 qui

149 1697 216 1737 eam
225 1681 313 1739 vitam
323 1680 395 1740 ferre
404 1691 504 1758 posset
513 1684 617 1761 cuique
626 1703 687 1742 nou
697 1683 819 1743 auferret
827 1682 953 1741 fructum
961 1680 1141 1756 voluptatum

97 1779 282 1838 880mnium
297 1781 444 1840 solitudo?
485 1781 596 1840 Verum
617 1801 688 1858 ergo
706 1782 776 1840 illud
791 1790 842 1852 est,
854 1780 935 1857 quod
949 1799 967 1838 a
980 1777 1142 1838 Tarentino

147 1876 286 1952 Archyta,
299 1888 331 1936 ut
344 1879 460 1954 opinor,
479 1879 535 1939 dici
550 1880 666 1940 solitum
681 1889 797 1939 nostros
812 1897 896 1938 senes
911 1894 1142 1937 commemorare

148 1975 246 2034 audivi
260 1978 297 2035 ab
312 1977 373 2035 aliis
388 1978 507 2037 senibus
521 1979 671 2038 auditum:
686 1979 710 2037 si
724 1979 788 2054 quis
799 1979 829 2035 in
840 1976 952 2036 caelum
964 1975 1142 2033 ascendisset

148 2083 339 2151 naturamque
357 2074 461 2134 mundi
480 2085 508 2134 et
527 2076 770 2153 pulchritudinem
792 2074 918 2134 siderum
936 2073 1140 2150 perspexisset,

146 2170 296 2230 insuavem
305 2173 382 2231 illam
391 2174 612 2233 admirationem
622 2175 647 2233 ei
657 2173 807 2250 fore,quae
817 2170 1024 2230 iucundissima
1032 2170 1140 2242 luisset,

146 2270 172 2328 si
187 2270 313 2347 aliquem
329 2272 375 2330 cui
389 2282 514 2332 narraret
528 2272 684 2331 habuisset.
721 2270 769 2330 Sic
783 2282 885 2329 natura
899 2269 1056 2328 solitarium
1071 2268 1140 2330 nihil

146 2376 227 2426 amat
241 2386 411 2446 semperque
426 2370 464 2429 ad
478 2369 597 2447 aliquod
611 2379 761 2444 tamquam
774 2367 1138 2444 adminiculumadnititur,

146 2467 228 2543 quod
241 2466 272 2524 in
287 2468 463 2527 amicissimo
479 2485 597 2545 quoque
611 2467 810 2526 dulcissimum
824 2475 876 2524 est.

191 2566 238 2625 24.
264 2565 322 2625 Sed
337 2584 403 2625 cum
418 2575 462 2624 tot
481 2567 571 2642 signis
590 2564 693 2625 eadem
712 2575 816 2624 natura
835 2563 961 2624 declaret
980 2563 1050 2641 quid
1064 2565 1139 2634 velit,

146 2662 289 2739 anquirat,
305 2663 459 2734 desideret,
474 2673 573 2722 tamen
593 2662 827 2722 obsurdescimus
847 2662 1026 2738 nescioquo
1047 2663 1139 2721 modo

145 2778 259 2831 necea,
274 2780 348 2838 quae
363 2764 400 2820 ab
414 2780 450 2821 ea
468 2780 630 2833 monemur,
645 2760 787 2820 audimus.
828 2760 882 2819 Est
902 2761 982 2819 enim
996 2761 1090 2819 varius
1110 2771 1138 2819 et

145 2858 296 2936 multiplex
305 2877 375 2918 usus
389 2860 531 2919 amicitiae
545 2861 709 2935 multaeque
721 2876 826 2918 causae
840 2859 1033 2935 suspitionum
1046 2859 1139 2918 offen-

146 2957 319 3033 sionumque
339 2958 451 3029 dantur,
466 2976 538 3035 quas
557 2969 619 3017 tum
637 2958 752 3028 evitare,
767 2968 828 3014 tum
848 2956 969 3027 elevare,
984 2967 1046 3015 turn
1066 2956 1139 3016 ferre

146 3055 285 3131 sapientis
300 3065 364 3115 est:
385 3074 445 3114 una
458 3056 506 3114 illa
520 3055 672 3114 subeunda
687 3065 731 3113 est
745 3054 881 3125 offensio,
895 3065 927 3113 ut
941 3063 970 3113 et
983 3055 1089 3113 utilitas
1107 3055 1139 3114 in

146 3153 272 3212 amicitia
292 3164 322 3212 et
346 3152 420 3214 fides
440 3154 615 3225 retineatur;
643 3169 712 3212 nam
733 3162 761 3211 et
782 3153 923 3210 monendi
944 3153 1029 3211 amici
1050 3170 1138 3228 saepe

146 3261 255 3309 suntet
274 3252 457 3327 obiurgandi,
471 3262 500 3311 et
518 3251 590 3310 haec
609 3251 778 3326 accipienda
797 3251 899 3321 amice,
914 3268 982 3308 cum
996 3250 1137 3308 benevole
1145 3225 1202 3354 gg)
1209 3227 1288 3342 fligat-

95 3348 228 3410 sonunt.
270 3348 329 3408 Sed
349 3350 449 3409 nescio
473 3367 533 3427 quo
557 3349 648 3408 modo
673 3366 773 3407 verum
795 3357 848 3420 est,
870 3348 951 3424 quod
975 3348 1006 3406 in
1027 3348 1138 3408 Andria
1146 3358 1210 3433 bane
1221 3358 1260 3432 os·

145 3445 292 3506 familiaris
306 3465 390 3508 meus
405 3449 481 3519 dreit,
1146 3421 1289 3483 “studit”

1148 3490 1176 3545 εξ
1189 3487 1292 3550 89-100.

342 3561 512 3628 ‘Obsequium
528 3561 629 3622 amicos,
644 3561 733 3612 veritas
750 3559 836 3612 odium
854 3558 948 3627 parit?¹

1146 855 1324 902 ‘ultr-§⁹682
