2662 3908
521 221 568 270 DE
588 219 769 272 AMICITIA.
1098 241 1138 306 33

143 377 204 437 iure
232 377 308 436 civili
336 378 500 456 putabatur,
529 377 614 450 Catu,
643 377 711 454 quia
739 377 896 437 multarum
928 396 1024 438 rerum
1052 392 1138 434 usum

144 475 289 533 habebat:
319 475 411 534 multa
433 475 495 534 eius
518 485 547 533 et
572 477 602 537 in
628 485 731 534 senatu
756 486 784 534 et
810 476 841 533 in
863 475 927 534 loro
950 476 996 533 vel
1023 474 1139 550 provisa

144 571 302 649 prudenter
316 573 360 631 vel
374 581 441 631 acta
454 581 621 631 constanter
635 573 679 630 vel
693 590 836 654 responsa¹
854 582 937 631 acute
956 572 1138 640 ferebantur;

146 680 300 746 propterea
307 671 390 745 quasi
399 658 566 745 cognomen
578 671 636 727 iam
647 669 774 728 habebat
787 670 819 726 in
833 679 981 728 senectute
992 667 1139 744 sapientis.

114 769 193 827 7Te
207 776 305 825 autem
320 768 376 827 alio
391 769 520 845 quodam
534 768 625 826 modo
640 785 703 826 non
720 767 815 826 solum
834 778 936 826 natura
954 777 983 826 et
1001 766 1139 833 moribus,

146 883 246 924 verum
260 865 347 923 etiam
362 866 458 924 studio
472 874 502 924 et
516 865 648 924 doctrina
661 883 726 924 esse
740 865 910 940 sapientem,
923 883 978 922 nec
995 864 1068 922 sicut
1081 861 1141 920 vol-

146 979 210 1036 gus,
222 962 274 1020 sed
288 972 320 1020 ut
333 963 436 1021 eruditi
451 963 545 1022 solent
558 962 703 1039 appellare
718 963 887 1037 sapientem,
903 962 1018 1038 qualem
1032 963 1062 1044 in
1077 960 1142 1019 reli-

148 1077 206 1136 qua
217 1057 342 1118 Graecia
355 1061 615 1119 neminem—nam
630 1061 681 1136 qui
695 1070 808 1135 septem
822 1059 1011 1135 appellantur,
1026 1077 1078 1118 eos
1093 1059 1142 1134 qui

147 1159 202 1215 ista
216 1156 345 1216 subtilius
359 1168 502 1233 quaerunt
521 1158 551 1215 in
568 1175 692 1215 numero
710 1156 883 1232 sapientium
904 1174 965 1214 non
984 1157 1142 1226 habent—·,

148 1255 272 1314 Athenis
295 1273 387 1312 unum
411 1256 578 1332 accepimus
603 1265 632 1313 et
657 1271 724 1312 eum
746 1253 977 1330 quidemetiam
997 1255 1142 1330 Apollinis

148 1351 267 1411 oraculo
279 1352 525 1428 sapientissimum
535 1353 709 1442 iudicatumt
727 1350 802 1409 hanc
813 1369 876 1409 esse
887 1351 918 1408 in
928 1360 957 1409 te
972 1351 1142 1426 sapientiam

62 1479 65 1488 ⁴
149 1453 322 1522 existimant,
336 1462 368 1510 ut
382 1454 481 1512 omnia
495 1461 544 1510 tua
558 1453 587 1509 in
601 1461 630 1510 te
644 1452 740 1527 posita
758 1468 822 1508 esse
838 1450 927 1509 ducas
940 1451 1143 1528 humanosque

149 1567 235 1608 casus
249 1549 352 1607 virtute
366 1549 517 1609 inferiores
531 1558 624 1625 putes.
668 1542 771 1623 Itaqu'e
786 1566 822 1605 ex
837 1566 885 1606 me
895 1558 1044 1624 quaerunt,
1056 1548 1143 1608 credo

149 1666 187 1705 ex
200 1648 258 1706 hoc
278 1647 348 1705 item
363 1646 511 1717 Scaevola,
527 1664 657 1723 quonam
672 1654 760 1721 pacto
775 1657 899 1704 mortem
914 1646 1042 1705 Africani
1061 1647 1142 1716 seras,

148 1762 243 1820 eoque
264 1745 367 1820 magis,
382 1745 464 1820 quod
484 1745 623 1819 proximis
637 1742 741 1812 Nonis,
757 1761 824 1800 cum
844 1743 876 1801 in
896 1742 995 1801 hortos
1009 1743 1047 1802 D.
1062 1742 1143 1802 Bruti

148 1843 265 1917 auguris
285 1842 505 1900 commentandi
525 1850 669 1912 causant
689 1841 810 1912 adsolet,
825 1841 1012 1912 venissemus
1029 1850 1060 1898 tu
1081 1860 1143 1901 non

148 1941 273 2010 adfuisti,
288 1941 338 2017 qui
352 1940 571 2016 diligentissime
586 1957 701 2015 semper
714 1939 795 1998 illum
810 1937 888 1997 diem
907 1949 936 1997 et
952 1938 1022 1998 illud
1036 1957 1142 1998 munus

148 2040 250 2098 solitus
264 2057 344 2097 esses
359 2040 421 2097 obir
572 2039 578 2046 ’
881 2055 883 2059 ·

35 2043 642 2213 “‘'Wffiffldem,
655 2137 688 2196 C.
699 2137 788 2209 Laeli,
800 2136 889 2207 multi,
899 2146 930 2194 ut
944 2145 987 2194 est
1001 2155 1019 2194 a
1030 2136 1142 2196 Fannio

149 2238 267 2308 dictum,
290 2234 343 2294 sed
370 2253 428 2311 ego
456 2235 485 2293 id
507 2237 685 2312 respondeo,
710 2235 791 2312 quod
818 2236 949 2294 animum
973 2236 1091 2306 adverti,
1114 2247 1142 2294 te

149 2335 290 2405 dolorem,
316 2351 403 2409 quem
428 2335 575 2409 acceperis
598 2352 666 2391 cum
689 2333 795 2391 summi
818 2333 869 2390 viri
891 2344 952 2391 tum
977 2334 1143 2392 amicissimi

149 2442 252 2504 morte,
275 2431 348 2490 ferre
375 2433 533 2502 moderate,
558 2450 613 2491 nec
641 2431 768 2507 potuisse
795 2449 857 2489 non
885 2432 1061 2490 commoveri
1087 2450 1142 2490 nec

150 2530 239 2589 luisse
263 2530 293 2588 id
313 2528 497 2587 humanitatis
518 2538 584 2587 tuae
594 2548 603 2600 ;
631 2529 712 2604 quod
733 2539 830 2586 autem
851 2526 946 2585 Nonis
967 2529 997 2584 in
1018 2529 1142 2605 collegio

151 2639 252 2689 nostro
276 2644 337 2685 non
362 2625 508 2698 adfuisses
532 2626 724 2684 valetudinem
746 2625 911 2702 respondeo
934 2644 1058 2698 causam,
1081 2644 1142 2686 non

150 2725 322 2785 maestitiam
335 2724 430 2782 luisse.

192 2822 317 2881 Laelius.
341 2821 432 2881 Recte
446 2833 477 2880 tu
491 2823 618 2899 quidem,
631 2821 778 2892 Scaevola,
794 2831 823 2880 et
835 2839 919 2880 vere:
942 2840 996 2880 nec
1011 2822 1090 2880 enim
1104 2823 1142 2880 ab

151 2919 207 2979 isto
236 2920 341 2992 offici0,
370 2921 450 2998 quod
478 2939 594 2996 semper
619 2920 762 2994 usurpavi,
790 2937 858 2977 cum
882 2920 1014 2989 valerem,
1038 2921 1143 2978 abduci

151 3019 342 3077 incommodo
361 3037 429 3077 meo
445 3019 540 3089 debui,
556 3036 610 3077 nec
626 3018 686 3076 ullo
705 3036 775 3075 casu
789 3018 909 3076 arbitror
921 3017 978 3077 hoc
998 3019 1143 3076 constanti

122 3117 264 3175 9homini
277 3135 363 3192 posse
384 3101 561 3192 contingere,
576 3125 607 3173 ut
624 3115 682 3173 ulla
700 3116 871 3173 intermissio
889 3116 938 3172 fiat
956 3115 1050 3174 officii.
1093 3115 1142 3174 Tu

151 3224 257 3285 autem,
272 3214 375 3286 Fanni,
391 3215 470 3291 quod
490 3215 562 3272 mihi
581 3223 695 3271 tantum
715 3214 799 3271 tribui
821 3213 899 3284 dicis,
922 3223 1062 3288 quantum
1083 3234 1141 3290 ego

151 3331 207 3372 nec
226 3311 377 3388 adgnosco
398 3331 452 3371 nec
474 3312 597 3389 postulo,
613 3310 684 3369 facis
704 3312 805 3382 amice,
821 3311 880 3382 sed,
894 3320 925 3368 ut
945 3311 1015 3368 mihi
1029 3312 1140 3382 videris,

150 3428 212 3469 non
226 3421 303 3470 recte
317 3410 428 3469 iudicas
446 3410 483 3468 de
498 3409 629 3468 Catone:
652 3418 700 3466 aut
715 3409 793 3466 enim
811 3427 909 3478 nemo,
924 3408 1003 3484 quod
1023 3410 1141 3484 quidem

149 3509 243 3588 magis
261 3508 358 3582 crede,
373 3517 430 3580 aut,
445 3507 470 3567 si
483 3507 644 3586 quisquam,
660 3506 705 3566 ille
721 3507 835 3582 sapiens
849 3506 909 3566 luit.
952 3505 1021 3578 Quo
1040 3507 1141 3580 mod0,

598 3597 614 3639 c
