2662 3908
498 254 544 302 uu
565 253 747 305 umrcrm.
1083 251 1124 334 63

50 410 208 472 100Haec
229 412 308 470 enim
329 411 417 472 etiam
438 411 469 470 in
490 412 595 472 sabulis
621 414 789 473 stultissima
809 432 937 491 persona
955 424 1000 474 est
1022 414 1123 491 inpro-

104 511 254 568 ·vidorum
277 519 306 568 et
331 509 512 568 credulorum
536 528 648 574 senum.
691 512 750 571 Sed
770 513 869 571 nescio
894 530 954 588 quo
975 522 1061 589 pacto
1083 513 1122 570 ab

120 607 254 666 amicitiis
275 606 471 683 perfectorum
496 606 658 680 hominum,
680 609 709 668 id
731 618 774 667 est
794 609 1046 686 sapientium-de
1066 608 1122 667 bac

120 703 190 762 dico
210 704 359 779 sapientia,
379 721 454 779 quae
471 704 582 763 videtur
601 705 633 764 in
649 706 798 766 hominem
814 707 918 766 cadere
932 725 1068 784 posse-,
1083 706 1122 766 ad

120 801 192 859 levis
207 801 347 859 amicitias
362 799 482 859 defluxit
496 802 597 864 oratio.
638 801 739 875 Quam
757 806 798 863 ob
818 823 881 863 rem
902 805 940 864 ad
960 805 1009 863 illa
1029 804 1123 881 prima

120 899 274 957 redeamus
287 916 380 974 eaque
393 898 457 975 ipsa
470 895 681 960 concludamus
696 901 860 977 aliquando.

165 995 213 1054 27.
243 996 352 1068 Virtus,
370 997 467 1068 virtus,
490 997 619 1073 inquam,
642 998 677 1058 C.
696 999 799 1072 Fanni,
817 1011 847 1060 et
863 1010 904 1072 tu,
922 1000 962 1073 Q.
981 1000 1071 1073 Muci,
1094 1010 1123 1060 et
1132 1011 1275 1061 Peroration
1319 1023 1320 1028 ¹

122 1095 259 1155 conciliat
273 1095 412 1153 amicitias
427 1103 456 1152 et
474 1105 643 1168 conservat,
667 1097 697 1154 in
711 1116 746 1156 ea
759 1109 803 1158 est
823 1100 902 1158 enim
920 1099 1123 1158 convenientia
1134 1079 1241 1206 {21:⁰4

120 1210 230 1260 rerum,
244 1192 274 1249 in
287 1210 323 1251 ea
340 1191 486 1262 stabilitas,
501 1191 532 1249 in
551 1210 587 1250 ea
600 1195 781 1254 constantia:
802 1214 876 1271 quae
893 1214 961 1254 cum
976 1214 1008 1255 se
1022 1197 1123 1255 extulit

123 1300 156 1350 et
169 1290 296 1349 ostendit
310 1307 395 1348 suum
408 1289 507 1347 lumen
522 1299 551 1348 et
564 1289 643 1348 idem
661 1292 794 1368 adspexit
815 1294 991 1370 agnovitque
1011 1294 1042 1352 in
1056 1294 1122 1367 alio,

123 1386 164 1446 ad
177 1388 209 1446 id
222 1405 254 1446 se
268 1387 405 1446 admovet
418 1387 603 1464 vicissimque
616 1391 722 1466 accipit
735 1390 813 1461 illud,
828 1392 908 1470 quod
921 1393 953 1449 in
966 1392 1055 1451 altero
1069 1402 1122 1462 est,

123 1504 163 1545 ex
180 1503 240 1562 quo
258 1485 419 1544 exardescit
438 1485 497 1544 sive
517 1503 601 1544 amor
618 1487 677 1552 sive
691 1489 824 1548 amicitia.
867 1488 1031 1566 Utrumque
1045 1491 1123 1550 enim

124 1582 245 1641 ductum
258 1592 303 1640 est
316 1583 354 1640 ab
368 1581 513 1654 amand03
534 1600 632 1642 amare
645 1594 743 1644 autem
754 1586 824 1644 nihil
838 1597 882 1645 est
895 1587 972 1646 aliud
986 1587 1042 1646 nisi
1056 1605 1123 1646 eum

124 1682 222 1757 ipsum
243 1680 360 1756 diligere
382 1698 471 1756 quem
493 1698 582 1753 ames,
606 1682 685 1740 nulla
709 1683 877 1760 indigentia,
902 1685 981 1743 nulla
1002 1685 1122 1744 utilitate

124 1779 272 1856 quaesita3
294 1797 369 1855 quae
384 1789 483 1837 tamen
496 1779 560 1854 ipsa
573 1778 735 1839 ecflorescit
749 1800 785 1840 ex
804 1782 936 1854 amicitia,
951 1783 1039 1842 etiam
1052 1784 1077 1842 si
1089 1792 1121 1841 tu

59 1879 117 1933 101
124 1893 191 1934 eam
205 1875 301 1935 minus
319 1888 434 1934 secutus
451 1877 499 1935 sis.
542 1875 610 1936 Hac
628 1896 684 1936 nos
702 1879 902 1938 adulescentes
922 1879 1122 1939 benevolentia

125 1991 211 2032 senes
232 1973 296 2032 illos
316 1973 349 2032 L.
364 1974 495 2045 Paulum,
510 1972 553 2034 M.
569 1973 722 2048 Catonem,
737 1975 772 2035 C.
781 1973 908 2047 Gallum,
928 1974 960 2035 P.
976 1975 1123 2046 Nasicam,

125 2070 174 2128 Ti.
197 2070 371 2144 Gracchum,
398 2071 542 2147 Scipionis
565 2073 657 2130 nostri
678 2091 821 2146 socerum,
847 2074 1017 2147 dileximus3
1049 2075 1122 2134 haec
1183 2093 1206 2119 ι-

125 2171 213 2229 etiam
233 2171 326 2246 magis
348 2171 441 2230 elucet
462 2172 535 2230 inter
553 2173 689 2247 aequalis,
703 2182 736 2230 ut
752 2174 826 2232 inter
839 2192 887 2233 me
902 2182 930 2232 et
945 2173 1121 2250 Scipionem,

125 2269 161 2328 L.
182 2268 309 2340 Furium,
333 2267 365 2336 P.
388 2268 545 2345 Rupilium,
577 2269 626 2347 Sp.
652 2269 845 2329 Mummium:
876 2271 1001 2330 vicissim
1024 2279 1121 2330 autem

125 2385 211 2426 senes
226 2367 256 2424 in
270 2366 496 2426 adulescentium
514 2369 629 2427 caritate
650 2370 872 2446 adquiescimus,
885 2381 917 2429 ut
931 2371 961 2428 in
975 2379 1077 2439 vestra,
1090 2379 1123 2428 ut

124 2465 157 2523 in
176 2463 214 2537 Q.
229 2463 410 2538 Tuberonis3
433 2466 570 2541 equidem
589 2467 677 2525 etiam
697 2467 858 2526 admodum
878 2468 1069 2526 adulescentis
1089 2464 1122 2525 P.

126 2561 235 2634 Rutilii,
256 2562 293 2621 A.
314 2561 446 2637 Verginii
466 2563 654 2624 familiaritate
677 2565 812 2624 delector.
856 2564 1063 2642 Quoniamque
1084 2565 1123 2624 ita

125 2662 198 2719 ratio
213 2669 381 2738 comparata
399 2670 443 2719 est
456 2662 531 2720 vitae
550 2672 726 2738 naturaeque
743 2673 868 2735 nostrae,
882 2674 914 2722 ut
935 2664 990 2722 alia
1006 2683 1045 2722 ex
1063 2663 1123 2720 altu

125 2769 205 2817 aetas
220 2759 336 2830 oriatur,
350 2759 477 2818 maxime
491 2759 610 2835 quidem
625 2761 785 2836 optandum
800 2772 889 2821 estut
908 2779 975 2821 cum
994 2760 1123 2836 aequali·

125 2856 180 2915 bus
205 2857 310 2934 possis,
331 2858 504 2933 quibuscum
527 2870 678 2934 tamquam
700 2877 717 2918 e
740 2860 905 2918 carceribus
929 2859 1052 2918 emissus
1073 2857 1122 2928 sis,

54 2958 116 3012 102
125 2971 193 3010 cum
207 2954 301 3013 isdem
315 2955 354 3013 ad
367 2955 486 3026 calcem,
496 2964 528 3013 ut
542 2955 652 3027 dicitm,
666 2957 834 3033 pervenire3
855 2955 906 3015 sed
921 2957 1061 3033 quoniam
1075 2973 1122 3014 res

124 3049 270 3110 humanae
283 3052 399 3128 fragiles
418 3053 603 3129 caducaeque
621 3064 695 3125 sunt,
711 3072 826 3130 semper
845 3055 932 3130 aliqui
950 3053 1121 3131 anquirendi

125 3157 191 3205 sunt
216 3167 290 3224 quos
311 3149 464 3224 diligamus
485 3159 514 3209 et
535 3169 553 3209 a
574 3152 678 3228 quibus
699 3151 867 3226 diligamur3
900 3151 1016 3210 caritate
1041 3151 1120 3209 enim

124 3244 382 3323 benevolentiaque
399 3247 512 3306 sublata
530 3249 628 3308 omnis
646 3258 690 3307 est
708 3249 796 3308 evita
817 3249 928 3308 sublata
947 3249 1130 3316 iucunditas,

125 3340 200 3400 Mihi
227 3344 345 3420 quidem
374 3343 482 3420 Scipio,
506 3363 685 3422 quamquam
714 3356 758 3405 est
782 3347 877 3405 subito
904 3357 1029 3422 ereptus,
1053 3345 1120 3404 vivit

123 3450 222 3499 tamen
236 3459 408 3519 semperque
422 3442 496 3500 vivet
504 3461 513 3514 ;
535 3443 668 3501 virtutem
682 3444 760 3501 enim
775 3445 869 3503 amavi
882 3444 955 3502 illius
970 3445 1029 3515 viri,
1044 3460 1119 3520 quae

123 3540 265 3600 exstincta
285 3556 347 3598 non
368 3549 421 3600 est.
462 3538 527 3600 Nec
547 3541 618 3600 mihi
639 3541 693 3601 soli
714 3553 842 3601 versatur
859 3552 926 3602 ante
946 3542 1055 3613 oculos,
1070 3540 1120 3619 qui
