2662 3908
215 231 256 306 64
378 245 416 292 Μ.
442 245 560 293 rurrrr
583 247 773 296 crounoms
793 249 841 296 nn
862 247 1043 297 inrorant.

215 405 294 463 illam
307 422 422 481 semper
436 406 466 463 in
479 406 614 466 manibus
633 406 730 477 habui,
744 407 797 466 sed
813 408 900 466 etiam
919 408 1043 484 posteris
1064 409 1117 470 erit
1137 410 1216 468 clara

216 512 245 562 et
259 503 395 578 insignis:
417 522 506 562 nemo
520 522 662 581 umquam
681 505 780 563 animo
801 514 851 563 aut
871 522 924 581 spe
944 505 1055 563 maiora
1076 507 1216 583 suscipiet

216 601 266 678 qui
279 601 333 658 sibi
347 619 408 660 non
425 602 498 660 illius
514 603 686 660 memoriam
705 613 791 679 atque
810 603 969 678 imaginem
989 604 1215 678 proponendam

216 708 304 776 putet.
346 697 491 775 Equidem
511 717 548 758 ex
569 700 706 758 omnibus
726 700 821 771 rebus,
842 716 915 775 quas
935 699 1007 756 mihi
1027 708 1076 757 aut
1098 699 1277 760 fortunaroa

215 805 265 854 aut
281 805 383 855 natura
402 797 506 868 tribuit,
520 797 592 854 nihil
612 797 707 854 habeo
728 797 810 873 quod
830 814 898 855 cum
920 798 1045 856 amicitia
1067 796 1215 873 Scipionis

216 894 327 970 possim
342 911 529 970 comparare:
551 895 580 952 in
595 895 651 952 hac
669 895 741 952 mihi
758 883 795 954 de
813 914 844 953 re
863 891 980 972 publica¹
996 913 1167 963 consensus,
1183 896 1214 952 in

216 990 271 1050 hac
296 1010 393 1050 rerum
417 993 592 1068 privatarum
617 993 778 1065 consilium,
799 993 830 1050 iu
855 993 958 1052 eadem
986 993 1098 1069 requies
1126 993 1214 1068 plena

216 1090 416 1149 oblectationis
437 1089 496 1149 tuit.
539 1091 708 1167 Numquam
731 1091 811 1149 illum
832 1109 870 1149 ne
891 1093 1013 1149 minima
1037 1091 1157 1167 quidem
1182 1109 1213 1148 re

215 1187 333 1259 offendi,
348 1189 429 1265 quod
443 1189 563 1265 quidem
577 1189 725 1260 senserim,
740 1189 809 1246 nihil
824 1189 920 1247 audivi
936 1208 973 1248 ex
992 1207 1029 1248 eo
1048 1190 1110 1264 ipse
1132 1190 1213 1264 quod

216 1286 332 1356 nollem,
346 1305 405 1344 una
420 1287 525 1345 domus
544 1295 612 1357 erat,
626 1286 704 1344 idem
719 1287 811 1346 victus
832 1287 914 1362 isque
930 1288 1102 1358 communis,
1116 1306 1212 1363 neque

216 1385 310 1442 solum
338 1385 446 1455 militia,
475 1385 527 1443 sed
554 1386 641 1443 etiam
670 1386 919 1462 peregrinationes
951 1386 1212 1461 rusticationesque

215 1499 395 1541 communes.
438 1481 516 1540 Nam
537 1482 607 1558 quid
627 1500 684 1559 ego
707 1484 743 1542 de
767 1483 868 1541 studiis
893 1483 988 1542 dicam
1012 1484 1275 1558 cognoscendi104

215 1597 330 1656 semper
351 1580 460 1656 aliquid
480 1590 566 1657 atque
587 1582 727 1651 discendi,
747 1581 778 1639 in
803 1582 909 1656 quibus
930 1581 1033 1638 remoti
1058 1583 1096 1639 ab
1119 1582 1211 1639 oculis

214 1677 315 1753 populi
336 1695 423 1736 omne
445 1678 572 1735 otiosum
592 1688 708 1755 tempus
729 1679 935 1737 contrivimus?
968 1678 1101 1750 Quarum
1115 1695 1211 1737 rerum

214 1775 376 1833 recordatio
393 1785 423 1833 et
439 1775 581 1834 memoria
594 1777 620 1834 si
632 1794 692 1833 una
706 1793 774 1833 cum
791 1776 839 1835 illo
859 1777 1022 1848 occidisset,
1036 1777 1210 1836 desiderium

215 1873 442 1932 coniunctissimi
457 1881 543 1948 atque
563 1873 753 1932 amantissimi
767 1875 818 1931 viri
836 1874 909 1933 serre
928 1875 1008 1933 nullo
1027 1875 1118 1935 modo
1140 1893 1210 1950 pos-

214 1987 293 2041 sem3
316 1971 433 2034 sed-nec
448 1970 495 2029 illa
506 1972 648 2030 exstincta
662 1982 729 2030 sunt
740 1970 911 2048 alunturque
923 1974 1019 2050 potius
1030 1983 1058 2030 et
1065 1984 1211 2049 augentur

214 2069 390 2144 cogitatione
409 2080 437 2128 et
456 2070 597 2128 memoria
613 2087 687 2140 mea,
702 2079 738 2138 et,
754 2069 778 2127 si
800 2069 854 2128 illis
874 2070 960 2147 plane
974 2072 1091 2129 orbatus
1106 2089 1210 2142 essem,

214 2183 355 2242 magnum
376 2177 474 2225 tamen
495 2167 620 2226 adferret
641 2167 712 2224 mihi
732 2177 812 2225 aetas
833 2168 896 2243 ipsa
918 2168 1075 2240 solacium3
1105 2170 1210 2228 diutius

215 2265 293 2324 enim
311 2266 370 2324 iam
387 2266 418 2324 in
435 2267 493 2324 hoc
511 2265 655 2324 desiderio
674 2283 738 2324 esse
756 2284 818 2324 non
835 2284 974 2342 possum3
997 2267 1097 2326 omnia
1114 2279 1210 2326 autem

215 2363 312 2420 brevia
326 2363 484 2421 tolerabilia
498 2381 563 2422 esse
578 2364 695 2434 debent,
709 2364 796 2422 etiam
812 2364 835 2422 si
850 2374 1047 2439 magnasunt

255 2458 340 2519 Haec
360 2459 449 2519 habui
469 2462 506 2520 de
525 2461 652 2520 amicitia
672 2479 747 2538 quae
767 2461 909 2520 dicerem:
931 2478 984 2520 vos
998 2471 1096 2519 autem
1110 2461 1211 2521 hortor

213 2566 246 2615 ut
262 2556 303 2615 ita
320 2558 452 2617 virtutem
470 2558 580 2628 locetis,
599 2559 662 2617 sine
681 2577 739 2636 qua
757 2559 882 2616 amicitia
900 2575 964 2616 esse
982 2576 1043 2617 non
1060 2570 1164 2636 potest,
1178 2571 1210 2620 ut

213 2672 249 2713 ea
263 2666 385 2733 excepta
400 2656 470 2714 nihil
483 2657 609 2716 amicitia
622 2657 821 2734 praestabilius
836 2659 950 2734 putetis.
