2662 3908
191 237 231 305 32
494 229 533 277 rr.
560 227 680 275 rurrrr
703 226 891 274 crearemus

195 389 277 464 quasi
298 389 375 446 enim
398 389 478 464 ipsos
500 386 601 444 induxi
621 385 765 461 loquentis
787 403 824 441 ne
840 382 996 459 ‘inquam'
1011 391 1040 440 et
1062 383 1189 460 ‘inquit'

196 487 310 562 saepius
338 487 567 562 interponeretur
596 495 682 559 atque
706 493 737 541 ut
767 493 917 557 tamquam
942 500 960 539 a
988 483 1189 556 praesentibus

195 603 292 643 coram
318 585 416 642 haberi
443 601 538 642 sermo
562 583 711 641 videretur.
754 580 829 638 Cum
853 579 930 637 enim
954 598 1043 654 saepe
1071 587 1221 638 mecum4

195 699 305 756 ageres,
319 692 351 739 ut
365 681 401 739 de
417 681 541 738 amicitia
556 679 711 737 scriberem
726 677 840 752 aliquid,
857 677 945 752 digna
964 677 1034 734 mihi
1054 695 1100 734 res
1120 695 1188 734 cum

195 779 326 836 omnium
343 779 510 854 cognitione
528 787 588 835 tum
604 787 703 834 nostra
723 775 910 834 familiaritate
925 775 986 832 visa
1005 784 1067 843 est;
1089 774 1187 850 itaque

195 876 250 934 feci
264 893 325 933 non
339 876 443 934 invitus
458 888 491 933 ut
509 874 679 950 prodessem
698 869 794 930 multis
814 883 916 948 rogatu
932 882 990 930 tu0.
1035 871 1092 929 Sed
1107 881 1138 928 ut
1157 871 1188 928 in

195 974 308 1032 Catone
323 972 444 1044 Maiore,
459 974 508 1049 qui
524 982 567 1030 est
584 971 706 1046 scriptus
721 970 757 1027 ad
771 980 799 1028 te
815 971 851 1028 de
872 979 1027 1040 senectute,
1043 968 1187 1026 Catonem

195 1071 295 1128 induxi
329 1088 428 1129 senem
465 1071 667 1145 disputantem,
695 1069 763 1144 quia
797 1068 876 1126 nulla
909 1067 1058 1125 videbatur
1092 1066 1187 1141 aptior

195 1185 329 1244 persona,
352 1186 426 1244 quae
447 1168 484 1225 de
505 1167 551 1223 illa
573 1176 665 1224 aetate
689 1165 861 1242 loqueretur,
883 1183 971 1241 quam
994 1166 1063 1236 eius,
1085 1165 1135 1240 qui
1157 1174 1188 1223 et

196 1265 354 1322 diutissime
374 1282 464 1322 senex
485 1262 584 1321 suisset
603 1273 632 1320 et
653 1263 683 1320 in
700 1263 764 1337 ipsa
782 1272 930 1320 senectute
946 1271 1059 1336 praeter
1074 1272 1187 1322 ceteros

195 1361 346 1428 floruisset,
356 1362 405 1428 sic,
416 1379 482 1418 cum
497 1361 710 1436 accepissemus
725 1377 742 1415 a
756 1359 884 1434 patribus
899 1360 1025 1417 maxime
1040 1377 1187 1419 memora·

194 1460 282 1517 bilem
303 1458 337 1518 C.
352 1458 441 1516 Laelii
462 1467 491 1515 et
511 1457 542 1515 P.
558 1457 701 1532 Scipionis
723 1455 940 1513 familiaritatem
962 1455 1060 1527 fuisse,
1080 1457 1187 1515 idonea

195 1557 265 1613 mihi
280 1555 368 1612 Laelii
383 1573 508 1631 persona
523 1555 583 1612 visa
602 1563 646 1612 est
660 1572 734 1630 quae
755 1553 791 1611 de
813 1554 937 1611 amicitia
954 1571 989 1612 ea
1010 1555 1038 1630 ip
1055 1573 1073 1612 a
1094 1556 1186 1613 disse-

196 1662 277 1724 reret,
301 1671 374 1727 quae
399 1652 542 1728 disputata
565 1653 602 1709 ab
625 1669 661 1709 eo
687 1651 865 1709 meminisset
890 1573 1056 1764 Scaevola}
1082 1651 1186 1712 Genus

195 1759 292 1808 autern
306 1749 363 1807 boc
378 1767 545 1807 sermonum
560 1750 687 1824 positum
702 1748 732 1804 in
749 1747 901 1804 hominum
915 1758 1043 1805 veterum
1060 1751 1187 1807 auctori-

195 1858 252 1906 tate
263 1857 291 1904 et
305 1863 405 1904 eorum
420 1847 579 1905 inlustrium
590 1846 654 1922 plus
670 1845 840 1919 nescioquo
855 1853 941 1918 pacto
954 1844 1064 1902 videtur
1078 1846 1186 1906 habere

194 1944 356 2019 gravitatis;
377 1944 473 2020 itaque
493 1945 556 2019 ipse
577 1960 643 2000 mea
663 1942 763 2016 legens
784 1941 824 1998 sic
844 1940 964 1998 adficior
984 1942 1138 2012 interdum,
1153 1954 1186 2002 ut

195 2041 347 2111 Catonem,
362 2059 422 2098 non
442 2059 490 2098 me
509 2041 587 2116 loqui
606 2039 777 2096 existimem.
820 2037 878 2095 Sed
895 2049 925 2095 ut
944 2049 1006 2095 tum
1024 2039 1061 2096 ad
1082 2048 1215 2101 senem5

195 2157 283 2196 senex
307 2138 344 2196 de
369 2148 524 2208 senectute,
547 2139 587 2195 sic
611 2138 668 2194 hoc
689 2136 761 2193 libro
782 2135 819 2193 ad
844 2137 969 2193 amicum
992 2137 1185 2197 amicissimus

194 2235 293 2310 scripsi
311 2235 346 2292 de
368 2236 500 2293 amicitia.
543 2235 621 2292 Tum
643 2245 687 2291 est
702 2233 775 2291 Cato
797 2235 917 2304 locutus
933 2252 992 2309 quo
1014 2245 1074 2292 erat
1096 2253 1186 2292 nemo

194 2332 252 2390 iere
271 2332 366 2390 senior
380 2333 558 2407 temporibus
579 2332 641 2402 illis,
657 2348 745 2389 nemo
765 2330 950 2407 prudentior:
973 2349 1052 2389 nunc
1068 2331 1184 2390 Laelius

194 2439 223 2488 et
237 2430 433 2505 sapiens—sic
442 2431 520 2486 enim
532 2442 576 2487 est
589 2429 773 2486 habitus—et
783 2429 924 2485 amicitiae
936 2429 1028 2502 gloria
1039 2430 1185 2488 excellens

194 2529 231 2587 de
258 2529 382 2586 amicitia
405 2528 546 2604 loquetur.
588 2529 635 2584 Tu
658 2527 742 2584 velim
766 2546 783 2584 a
804 2545 852 2584 me
875 2526 1004 2582 animum
1028 2545 1186 2603 parumper

194 2635 312 2696 avertar,
340 2624 470 2683 Laelium
497 2625 576 2700 loqui
607 2625 702 2700 ipsum
731 2635 822 2700 putes.
876 2622 910 2682 C.
934 2623 1062 2682 Fannius
1091 2634 1120 2682 et
1145 2625 1185 2698 Q.

194 2723 309 2782 Mucius
331 2725 368 2783 ad
390 2741 523 2782 socerum
544 2723 662 2780 veniunt
683 2732 894 2797 postmortem
910 2719 1057 2790 Africani;
1081 2724 1119 2781 ab
1139 2723 1185 2782 his

194 2838 289 2881 sermo
307 2823 404 2892 oritur,
419 2821 576 2896 respondet
590 2820 713 2888 Laelius,
728 2819 808 2877 cuius
826 2829 888 2877 tota
907 2819 1063 2894 disputatio
1083 2831 1128 2879 est
1147 2821 1184 2880 de

193 2920 325 2990 amicitia,
339 2938 427 2996 quam
442 2920 541 2995 legens
556 2928 585 2977 te
597 2919 693 2993 ipsum
708 2934 878 2991 cognosces,

51 3027 182 3080 introduc·
235 3021 263 3078 2.
284 3017 422 3076 Fannius.
450 3017 523 3075 Sunt
545 3018 608 3086 ista,
633 3015 729 3084 Laeli;
760 3032 813 3071 nec
839 3014 916 3072 enim
939 3013 1043 3072 melior
1065 3015 1108 3072 vir
1132 3014 1214 3074 fuito

56 3095 161 3220 *⁶³⁰3ss
194 3117 330 3175 Africano
341 3116 495 3192 quisquam
506 3133 560 3202 nec
572 3112 690 3171 clarior:
713 3111 765 3169 sed
776 3111 938 3168 existimare
950 3112 1040 3169 debes
1051 3112 1184 3172 omnium

194 3214 296 3273 oculos
309 3215 340 3271 in
354 3223 382 3271 te
396 3230 461 3270 esse
475 3212 623 3270 coniectos
636 3227 744 3280 unum;
766 3219 794 3266 te
813 3209 975 3283 sapientem
990 3219 1018 3267 et
1035 3210 1185 3285 appellant

193 3322 222 3371 et
236 3312 405 3370 existimant.
448 3308 642 3367 Tribuebatur
661 3307 717 3364 hoc
733 3307 823 3364 modo
839 3305 881 3363 M.
896 3305 1010 3378 Catoni,
1026 3309 1134 3368 scimus
1149 3309 1182 3368 L

194 3410 318 3469 Acilium
332 3408 409 3485 apud
429 3418 525 3482 patres
543 3416 658 3464 nostros
673 3404 847 3480 appellatum
862 3423 925 3462 esse
943 3407 1115 3484 sapientem,
1132 3408 1184 3466 sed

193 3519 313 3584 uterque
333 3507 390 3568 alio
410 3506 539 3585 quodam
560 3505 671 3564 modo:
694 3503 813 3575 Acilius,
830 3503 897 3582 quia
917 3504 1044 3580 prudens
1066 3524 1132 3566 esse
1153 3508 1184 3564 in
