2662 3908
183 199 225 283 58
487 194 524 248 n.
549 195 671 246 rurrrr
690 196 878 246 crunnours

180 372 293 426 comes,
307 363 347 426 ut,
362 355 501 432 quoniam
522 356 649 415 solitaria
669 375 730 416 non
750 366 852 434 posset
869 357 958 418 virtus
979 357 1018 418 ad
1038 374 1081 429 ea,
1102 375 1181 434 quae

184 469 299 510 summa
319 463 395 523 sunt,
416 453 572 529 pervenire,
587 455 742 514 coniuncta
763 465 792 512 et
813 455 979 514 consociata
1000 473 1068 514 cum
1089 455 1180 514 altera

183 549 360 624 perveniret;
382 567 458 625 quae
476 550 501 608 si
519 568 595 626 quos
612 551 687 610 inter
706 553 831 610 societas
850 563 901 611 aut
921 561 966 612 est
986 562 1034 612 aut
1054 552 1107 611 suit
1127 561 1179 610 aut

184 646 277 705 sutura
295 657 347 718 est,
361 664 463 705 eorum
483 657 527 707 est
546 647 697 707 habendus
717 647 755 707 ad
769 667 917 708 summum
935 660 1053 708 naturae
1067 651 1178 708 bonum

184 746 310 819 optimus
332 745 573 821 beatissimusque
596 748 756 806 comitatus.
799 747 886 805 Haec
907 758 959 818 est,
981 749 1107 824 inquam,
1129 754 1233 808 s0-84

185 845 280 912 cietas,
294 843 325 901 in
339 861 397 919 qua
410 845 511 902 omnia
524 845 630 915 insunt,
645 863 720 920 quae
734 854 839 920 putant
858 845 992 903 homines
1006 845 1178 921 expetenda,

184 940 332 1011 honestas,
353 941 453 1018 gloria,
475 941 665 1018 tranquillitas
684 942 773 1000 animi
799 951 885 1018 atque
906 941 1077 1014 iucunditas,
1097 951 1129 1000 ut
1149 952 1179 1001 et

185 1056 252 1096 cum
271 1038 343 1097 haec
364 1038 459 1096 adsint
477 1039 563 1097 beata
576 1039 633 1097 vita
653 1039 690 1098 sit
710 1049 740 1098 et
761 1039 822 1098 sine
843 1038 889 1097 his
909 1056 974 1097 esse
995 1057 1057 1096 non
1077 1039 1178 1114 possit.

186 1135 276 1209 Quod
291 1153 357 1194 cum
371 1137 514 1212 optimum
528 1136 745 1214 maximumque
760 1137 805 1219 sit,
820 1137 844 1194 si
857 1135 888 1194 id
901 1137 1035 1194 volumus
1048 1136 1177 1211 adipisci,

185 1235 279 1292 virtuti
297 1252 387 1310 opera
406 1234 503 1292 danda
522 1244 573 1305 est,
589 1235 650 1292 sine
664 1252 723 1310 qua
742 1253 797 1294 nec
811 1234 967 1293 amicitiam
980 1252 1076 1310 neque
1090 1233 1178 1291 ullam

184 1351 247 1391 rem
267 1332 462 1408 expetendam
483 1333 622 1408 consequi
643 1349 798 1408 possumus
809 1351 817 1404 ;
839 1349 956 1390 cavero
977 1332 1110 1407 neglecta
1128 1332 1179 1408 qui

185 1449 218 1490 se
228 1432 337 1490 amicos
351 1430 459 1488 habere
473 1430 653 1501 arbitrantur,
664 1439 726 1487 tum
738 1448 769 1488 se
781 1430 906 1506 denique
917 1447 1028 1488 enasse
1042 1429 1177 1498 sentiunt,

185 1545 253 1587 cum
277 1545 329 1587 eos
356 1528 452 1603 gravis
476 1527 579 1602 aliquis
603 1544 687 1586 casus
711 1527 833 1604 experiri
860 1528 947 1604 cogit.
989 1526 1232 1599 Quocirca—85

185 1625 343 1686 dicendum
360 1635 405 1684 est
424 1625 502 1683 enim
521 1624 745 1700 saepius-cum
763 1624 905 1696 iudicaris,
920 1623 1039 1700 diligere
1053 1633 1178 1700 oportet,

185 1743 256 1797 non,
284 1742 352 1782 cum
380 1723 522 1792 dilexeris,
550 1722 685 1781 iudicare.
729 1720 787 1780 Sed
813 1739 881 1779 cum
909 1721 1006 1780 multis
1032 1721 1063 1779 in
1090 1723 1186 1788 rebus¹

185 1823 367 1899 neglegentia
380 1821 540 1898 plectimur,
553 1828 617 1878 tum
630 1819 755 1878 maxime
769 1819 800 1876 in
814 1819 915 1878 amicis
934 1830 963 1878 et
977 1820 1129 1896 diligendis
1148 1830 1178 1879 et

185 1921 335 1992 colendis;
356 1919 551 1995 praeposteris
565 1917 643 1976 enim
657 1916 764 1974 utimur
778 1917 907 1976 consiliis
925 1926 954 1976 et
974 1929 1039 1976 acta
1052 1919 1176 1995 agimus,

185 2020 265 2096 quod
278 2028 408 2077 vetamur
421 2028 516 2075 vetere
530 2014 692 2093 proverbio.
735 2013 814 2072 Nam
828 2015 956 2092 inplicati
968 2016 1043 2074 ultro
1058 2027 1088 2075 et
1104 2017 1176 2076 citro

184 2116 229 2177 vel
248 2135 303 2175 usu
323 2116 459 2175 diuturno
479 2113 525 2173 vel
546 2114 634 2174 etiam
656 2112 757 2172 officiis
776 2124 896 2190 repente
917 2114 948 2172 in
968 2116 1066 2175 medio
1092 2131 1177 2174 cursu

184 2213 325 2274 amicitias
338 2222 438 2272 exorta
451 2213 547 2288 aliqua
561 2211 724 2271 offensione
738 2211 952 2289 disrumpimus.

218 2311 276 2371 23.
299 2311 368 2390 Quo
382 2311 470 2371 etiam
483 2311 578 2386 magis
592 2310 781 2387 vituperanda
801 2319 845 2370 e'st
866 2312 907 2369 rei
926 2310 1055 2369 maxime
1074 2320 1227 2373 neces-86

184 2411 275 2469 sariae
285 2418 364 2468 tanta
377 2409 504 2482 incuria;
525 2428 585 2468 una
599 2417 642 2467 est
655 2409 734 2467 enim
748 2408 874 2467 amicitia
887 2409 918 2466 in
931 2410 1018 2468 rebus
1032 2409 1175 2480 humanis,

184 2507 221 2567 de
248 2508 329 2567 cuius
355 2507 474 2566 utilitate
501 2525 604 2566 omnes
628 2524 688 2565 uno
716 2524 767 2565 ore
791 2505 985 2564 consentiunt.
1027 2505 1055 2562 A
1079 2505 1175 2564 multis

183 2605 270 2664 virtus
283 2605 347 2680 ipsa
357 2604 549 2662 contemnitur
559 2615 588 2663 et
598 2603 755 2663 venditatio
766 2602 910 2679 quaedam
921 2610 1008 2679 atque
1019 2603 1175 2662 ostentatio

184 2719 248 2760 esse
263 2702 382 2773 dicitur3
404 2701 485 2759 multi
504 2700 616 2760 divitias
635 2700 806 2776 despiciunt,
820 2716 896 2776 quos
910 2717 1001 2775 parvo
1021 2707 1175 2758 contentos

183 2800 277 2858 tenuis
291 2799 382 2859 victus
396 2798 545 2874 cultusque
559 2797 683 2857 delectat
691 2816 700 2869 3
721 2796 849 2856 honores
863 2813 942 2865 vero,
956 2813 1080 2872 quorum
1095 2797 1175 2872 cupi-

183 2897 271 2956 ditate
290 2896 408 2974 quidam
426 2895 648 2968 inflammantur,
664 2913 752 2971 quarn
773 2893 854 2952 multi
873 2894 913 2952 ita
930 2902 1129 2963 contemnunt,
1142 2903 1176 2952 ut

183 2995 254 3054 nihil
273 2995 394 3064 inanius,
416 2993 485 3051 nihil
510 3011 573 3052 esse
595 2993 685 3051 levius
706 2992 870 3051 existiment
881 3011 889 3063 ;
919 2992 1048 3066 itemque
1069 3000 1174 3062 cetera,

184 3112 258 3170 quae
278 3091 451 3170 quibusdam
471 3089 649 3149 admirabilia
661 3089 801 3160 videntur,
817 3089 952 3167 permulti
971 3097 1039 3146 sunt
1052 3088 1102 3163 qui
1120 3105 1174 3164 pro

184 3191 273 3249 nihilo
288 3199 407 3269 putent:
431 3189 467 3247 de
481 3188 605 3246 amicitia
619 3206 723 3246 omnes
743 3186 780 3245 ad
794 3205 885 3246 unum
905 3187 983 3245 idem
997 3187 1131 3254 sentiunt,
1145 3195 1176 3244 et

183 3288 212 3358 ii,
237 3289 286 3365 qui
310 3287 348 3347 ad
371 3286 602 3362 rempublicam
627 3303 659 3344 se
684 3285 873 3357 contulerunt,
897 3296 927 3344 et
950 3285 978 3356 ii,
1000 3285 1050 3362 qui
1077 3300 1174 3342 rerum

183 3385 351 3460 cognitione
365 3382 553 3458 doctrinaque
568 3381 754 3452 delectantur,
769 3391 797 3440 et
812 3383 839 3452 ii,
855 3383 904 3459 qui
924 3399 1008 3441 suum
1022 3382 1174 3457 negotium

184 3490 286 3559 gerunt
296 3480 390 3551 otiosi,
399 3489 548 3556 postremo
558 3478 585 3549 ii,
590 3478 639 3554 qui
651 3495 683 3538 se
693 3487 771 3538 totos
783 3478 961 3538 tradiderunt
970 3478 1173 3556 voluptatibus,
