2662 3908
524 259 570 308 un
590 258 770 312 nnrrcrrrn.
1106 271 1126 336 3
1127 269 1148 336 5

146 435 254 494 genere
275 418 377 478 mortis
398 416 512 479 difficile
536 419 614 479 dictu
635 429 687 488 est,
708 417 778 495 quid
798 417 933 478 homines
960 417 1142 495 suspicentur

146 515 256 575 videtis.
300 515 370 576 Hoc
384 535 451 575 vere
471 526 569 575 tamen
589 517 655 575 licet
674 515 778 587 dicere,
792 514 823 573 P.
841 515 971 591 Scipioni
990 535 1027 576 ex
1045 517 1142 576 multis

147 613 259 684 diebus,
274 631 348 690 quos
362 614 393 672 in
406 613 464 672 vita
478 614 680 672 celeberrimos
693 613 923 688 laetissimosque
938 613 1045 685 viderit,
1061 613 1141 670 illurn

146 710 226 768 diem
251 711 440 770 clarissimum
467 711 563 782 fuisse,
589 729 656 770 cum
681 720 783 770 senatu
807 710 927 768 dimisso
952 711 1074 769 domum
1096 729 1141 768 re·

74 827 76 831 ·
146 808 252 867 ductus
272 808 310 867 ad
324 827 475 885 vesperum
496 819 539 867 est
559 827 578 866 a
598 809 725 884 patribus
747 808 926 883 conscriptis,
946 809 1058 886 populo
1079 808 1140 868 Ro-

147 923 246 976 mano,
259 906 345 984 sociis
359 916 388 964 et
402 905 521 974 Latinis,
533 906 625 981 pridie
640 923 729 982 quam
743 906 867 964 excessit
882 905 973 977 evita,
984 916 1016 964 ut
1029 925 1066 964 ex
1080 918 1140 964 tam

147 1002 206 1061 alto
227 1002 373 1080 dignitatis
394 1004 487 1078 gradu
507 1004 546 1062 ad
567 1021 687 1078 superos
701 1002 830 1062 videatur
849 1002 921 1062 deos
940 1004 1140 1080 potiusquam

147 1099 186 1158 ad
199 1100 307 1159 inferos
322 1101 494 1176 pervenisse.

101 1202 141 1255 13
187 1197 215 1254 4.
242 1197 347 1274 Neque
369 1199 448 1256 enim
473 1198 619 1257 adsentior
642 1199 685 1271 iis,
709 1201 759 1275 qui
785 1200 858 1258 haec
886 1219 979 1276 nuper
1001 1199 1140 1258 disserere

147 1305 316 1371 coeperunt,
344 1314 411 1353 cum
445 1297 614 1372 corporibus
649 1297 733 1355 simul
766 1298 881 1356 animos
915 1298 1028 1356 interire
1052 1308 1138 1374 atque

147 1394 248 1452 omnia
272 1403 366 1452 morte
388 1394 493 1453 deleri:
524 1394 590 1470 plus
612 1396 690 1471 apud
710 1413 758 1453 me
782 1396 964 1471 antiquorum
987 1395 1140 1459 auctoritas

147 1491 232 1562 valet,
247 1491 291 1549 vel
305 1501 470 1550 nostrorum
484 1493 635 1562 maiorum,
651 1493 700 1569 qui
714 1492 834 1550 mortuis
853 1501 912 1550 tam
932 1493 1065 1569 religiosa
1078 1492 1140 1550 iura

146 1589 316 1661 tribuerunt,
331 1589 412 1665 quod
429 1607 490 1648 non
509 1589 644 1648 fecissent
662 1589 802 1666 profecto,
818 1591 842 1646 si
859 1590 929 1648 nihil
947 1591 985 1648 ad
1005 1607 1056 1648 eos
1074 1608 1139 1665 per·

147 1687 240 1747 tinere
268 1689 476 1759 arbitrarentur,
499 1689 544 1748 vel
572 1707 680 1759 eorum,
706 1689 756 1765 qui
783 1689 813 1746 in
841 1688 896 1748 hac
924 1700 999 1748 terra
1026 1688 1139 1746 fuerunt

147 1803 346 1862 magnamque
371 1785 531 1858 Graeciam,
554 1805 628 1864 quae
649 1805 727 1844 nunc
748 1786 866 1862 quidem
888 1780 981 1845 deleta
1003 1796 1054 1856 est,
1077 1796 1138 1844 turn
1230 1857 1236 1872 Ι

147 1883 280 1952 florebat,
292 1883 426 1942 institutis
444 1893 473 1941 et
493 1884 653 1960 praeceptis
672 1883 731 1942 suis
751 1883 923 1951 erudierunt,
938 1884 983 1942 vel
1004 1884 1074 1953 eiuS,
1090 1885 1139 1959 qui

146 1979 291 2056 Apollinis
313 1980 430 2039 oraculo
452 1981 677 2056 sapientissimus
698 1990 741 2039 est
762 1981 910 2052 iudicatus,
928 1983 975 2038 cui
996 2000 1056 2041 non
1077 1992 1138 2038 tum

146 2078 214 2149 hoc,
242 2087 304 2136 tum
331 2077 409 2150 illud,
436 2080 478 2137 uti
508 2079 659 2154 plerisque,
688 2078 740 2137 sed
767 2077 845 2136 idem
873 2096 996 2154 semper,
1024 2080 1138 2138 animos

148 2177 302 2237 hominurn
323 2194 386 2235 esse
407 2166 521 2235 divinos
541 2177 641 2252 iisque,
655 2194 722 2234 cum
741 2194 778 2234 ex
799 2195 919 2252 corpore
936 2179 1136 2249 excessissent,

148 2275 271 2334 reditum
293 2275 324 2332 in
345 2275 457 2332 caelum
478 2284 576 2350 patere
600 2283 781 2350 optumoque
805 2283 834 2331 et
857 2275 1013 2334 iustissimo
1033 2276 1137 2351 cuique

99 2385 141 2436 14
149 2373 407 2449 expeditissimum.
443 2373 533 2445 Quod
548 2373 625 2432 idem
641 2371 770 2448 Scipioni
784 2373 940 2442 videbatur,
951 2375 1000 2450 qui
1011 2374 1138 2451 quidem,

147 2472 234 2547 quasi
261 2471 444 2546 praesagiret,
467 2472 620 2547 perpaucis
647 2478 714 2534 ante
735 2481 862 2528 mortem
888 2471 997 2543 diebus,
1020 2490 1087 2530 cum
1111 2484 1140 2532 et

149 2569 249 2628 Philus
276 2579 306 2628 et
333 2569 470 2628 Manilius
501 2569 635 2628 adessent
662 2578 691 2626 et
720 2567 767 2624 alii
795 2567 899 2643 plures,
928 2578 1017 2645 tuque
1044 2571 1140 2641 etiam,

152 2667 299 2738 Scaevola,
314 2685 431 2725 mecum
452 2669 589 2737 venisses,
609 2666 734 2724 triduum
756 2666 886 2725 disseruit
907 2667 944 2726 de
965 2686 995 2725 re
1016 2669 1140 2743 publica,

150 2767 233 2826 cuius
261 2765 463 2842 disputationis
498 2765 550 2823 fuit
584 2775 746 2823 extremum
780 2764 840 2822 fere
868 2765 905 2823 de
939 2767 1141 2825 inmortalitate

150 2866 324 2932 animorum,
338 2882 413 2939 quae
432 2882 462 2922 se
483 2864 512 2921 in
532 2864 627 2940 quiete
645 2882 698 2938 per
711 2864 804 2922 visum
818 2883 854 2922 ex
869 2863 1007 2922 Africano
1027 2864 1141 2924 audisse
1228 2918 1233 2934 ,

151 2963 283 3021 dicebat:
306 2962 336 3019 id
356 2963 381 3020 si
401 2962 441 3020 ita
461 2971 512 3033 est,
527 2971 559 3019 ut
577 2961 691 3036 optumi
710 2961 847 3037 cuiusque
867 2961 980 3019 animus
999 2962 1029 3018 in
1048 2972 1141 3022 morte

151 3059 285 3118 facillime
303 3059 396 3119 evolet
415 3070 563 3135 tamquam
581 3078 597 3117 e
618 3058 749 3116 custodia
763 3057 920 3135 vinclisque
941 3061 1079 3133 corporis,
1094 3062 1141 3119 cui

151 3175 304 3218 censemus
325 3175 439 3216 cursum
460 3157 497 3214 ad
516 3156 588 3214 deos
608 3155 765 3216 faciliorem
786 3155 871 3214 fuisse
886 3175 975 3233 quam
990 3156 1140 3233 Scipioni?

151 3257 288 3334 quocirca
308 3273 434 3313 maerere
458 3254 516 3312 hoc
540 3254 601 3311 eius
629 3264 734 3312 eventu
755 3272 856 3312 vereor
877 3273 914 3312 ne
938 3256 1026 3313 invidi
1045 3257 1140 3332 magis

152 3373 241 3432 quam
255 3354 339 3412 amici
354 3354 398 3412 sit.
442 3352 492 3412 Sin
506 3363 602 3410 autem
617 3351 664 3409 illa
678 3353 797 3421 veriora,
811 3362 843 3410 ut
861 3353 938 3410 idem
957 3354 1086 3412 interitus
1105 3357 1140 3414 sit

152 3455 316 3513 animorum
338 3461 366 3509 et
387 3469 543 3528 corporum
568 3468 623 3509 nec
647 3450 721 3508 ullus
743 3467 845 3508 sensus
868 3461 993 3521 maneat,
1015 3462 1046 3509 ut
1070 3453 1139 3511 nihil

152 3553 223 3612 boni
236 3561 280 3612 est
293 3552 323 3609 in
338 3561 439 3624 morte,
455 3551 495 3610 sic
511 3557 587 3610 certe
601 3549 671 3608 nihil
688 3550 755 3608 mali
763 3569 772 3624 ς
795 3567 880 3609 sensu
895 3549 972 3608 enim
988 3551 1093 3609 amisso
1107 3552 1139 3611 fit
1180 3621 1183 3626 ¹

639 3651 655 3691 e
671 3652 688 3690 a
