2662 3908
205 263 245 347 3⁶
505 259 544 312 rr.
569 257 687 309 rurnrr
708 260 897 310 arcanorum

201 420 287 490 idem,
300 413 382 496 quasi
397 431 481 479 natus
496 438 557 480 non
568 430 645 480 esset
659 420 790 490 omnino,
802 437 891 498 quem
902 427 1001 478 tamen
1016 435 1080 478 esse
1094 423 1195 475 natum

202 529 231 577 et
244 536 299 576 nos
313 519 474 595 gaudemus
489 528 517 577 et
531 517 602 576 haec
622 519 728 590 civitas
743 519 813 577 dum
827 519 889 589 erit,
903 517 1060 575 laetabitur.
1095 513 1195 586 Quam
1202 519 1239 572 15

202 617 242 674 ob
260 634 322 673 rem
341 634 408 674 cum
428 615 477 673 iiio
497 615 625 691 quidem,
638 624 671 673 ut
692 633 779 692 supra
799 615 868 684 dixi,
883 624 980 673 actum
1001 623 1122 690 optume
1142 621 1195 684 est,

201 731 318 770 mecum
337 713 562 783 incommodius,
576 730 664 788 quem
685 711 777 770 iuerat
798 713 927 789 aequius,
945 722 977 771 ut
998 712 1077 789 prius
1097 710 1196 768 introi·

202 828 289 880 eram,
301 811 342 868 sic
356 811 435 886 prius
449 811 527 868 exire
542 811 579 869 de
590 812 664 881 vita;
687 811 739 869 sed
751 820 850 868 tamen
863 810 1064 869 recordatione
1079 818 1196 868 nostrae

202 909 343 966 amicitiae
358 907 398 966 sic
412 907 500 978 fruor,
510 918 542 966 ut
555 909 639 966 beate
654 909 759 966 vixisse
773 908 878 978 videar,
894 909 962 985 quia
976 925 1043 965 cum
1059 905 1196 982 Scipione

202 1007 329 1077 vixerim,
350 1023 478 1082 quocum
501 1006 573 1064 mihi
597 1006 754 1065 coniuncta
775 1025 844 1065 cura
859 1007 895 1065 de
920 1006 1087 1082 publicare
1109 1003 1198 1063 etde

203 1105 312 1180 privata
326 1103 385 1175 suit,
401 1121 528 1180 quocum
543 1113 572 1162 et
586 1103 692 1162 domus
707 1103 759 1162 fuit
773 1113 803 1162 et
820 1105 921 1163 militia
935 1103 1099 1162 communis
1113 1111 1142 1160 et
1156 1101 1196 1172 id,

203 1203 234 1260 in
255 1219 314 1278 quo
336 1211 379 1260 est
398 1202 496 1260 omnis
513 1202 555 1260 vis
577 1202 728 1272 amIcitiae,
742 1200 931 1273 voluntatum,
946 1202 1116 1271 studiorum,
1131 1217 1196 1257 sen·

203 1301 355 1358 tentiamm
370 1317 484 1357 summa
498 1299 663 1358 consensio
707 1299 810 1375 Itaque
824 1317 886 1358 non
900 1308 960 1356 tam
979 1299 1034 1357 ista
1051 1315 1100 1355 me
1119 1296 1197 1371 sapi-

203 1397 306 1468 entiae,
326 1415 414 1472 quam
435 1396 526 1455 modo
547 1397 676 1456 Fannius
697 1398 943 1469 commemoravit,
964 1396 1043 1455 fama
1063 1395 1196 1466 delectat,

204 1493 276 1552 falsa
298 1494 474 1570 praesertim,
498 1512 587 1571 quarn
611 1495 691 1572 quod
713 1496 856 1555 amicitiae
884 1504 1001 1554 nostrae
1024 1494 1197 1552 memoriam

205 1609 290 1668 spero
305 1591 509 1666 sempiternam
524 1591 595 1664 iore,
609 1593 697 1671 idque
711 1610 747 1651 eo
761 1593 832 1651 mihi
845 1593 939 1668 magis
953 1602 997 1652 est
1011 1591 1101 1663 cordi,
1116 1591 1198 1668 quod

204 1708 241 1748 ex
260 1690 397 1748 omnibus
416 1689 538 1748 saeculis
552 1692 599 1748 vix
617 1692 672 1750 tria
690 1700 740 1749 aut
758 1701 894 1767 quattuor
912 1690 1099 1752 nominantur
1117 1689 1198 1764 paria

205 1788 373 1857 amicorum,
388 1805 448 1863 quo
468 1787 499 1844 in
519 1806 626 1864 genere
648 1807 763 1865 sperare
781 1789 879 1848 videor
900 1788 1044 1864 Scipionis
1065 1795 1094 1845 et
1107 1785 1198 1846 Laelii

205 1885 360 1944 amicitiam
374 1894 475 1942 notam
489 1887 647 1962 posteritati
660 1886 730 1946 sore.

42 1991 153 2039 Division
170 1991 200 2038 of
246 1983 385 2042 Fannius.
404 1982 483 2042 Istuc
503 1985 630 2060 quidem,
645 1985 733 2052 Laeli.
748 1986 789 2044 ita
808 2003 929 2046 necesse
947 1996 998 2044 est.
1043 1983 1110 2055 Sed,
1124 1999 1197 2059 quo·
1186 1991 1246 2045 16

41 2055 195 2182 ffirrnnct
205 2082 284 2138 niam
303 2081 444 2140 amicitiae
462 2083 641 2142 mentionem
656 2083 748 2142 fecisti
762 2092 791 2142 et
808 2101 908 2142 sumus
923 2083 1016 2154 otiosi,
1031 2091 1197 2158 pergratum

43 2185 105 2242 516.
204 2180 276 2236 mihi
296 2178 525 2256 feceris-spero
545 2181 615 2240 item
635 2181 840 2250 Scaevolae—‚
862 2181 893 2252 si,
909 2199 998 2257 quem
1019 2179 1198 2238 admodum

206 2277 283 2335 soles
304 2277 341 2334 de
362 2277 462 2335 ceteris
483 2279 576 2350 rebus,
591 2297 659 2337 cum
677 2298 714 2338 ex
736 2289 764 2338 te
782 2281 936 2355 quaeritur,
953 2280 995 2337 sic
1014 2279 1051 2337 de
1071 2276 1199 2336 amicitia

206 2374 358 2450 disputaris
369 2374 439 2450 quid
453 2376 570 2448 sentias,
582 2377 698 2452 qualem
709 2379 874 2447 existumes,
886 2395 960 2453 quae
971 2385 1125 2451 praecepta
1135 2375 1197 2434 dea.

246 2469 387 2530 Scaevola.
413 2471 487 2530 Mihi
509 2491 586 2544 vero,
612 2484 698 2550 atque
722 2474 753 2532 id
776 2474 873 2550 ipsum
898 2491 966 2531 cum
989 2483 1086 2532 tecum
1110 2489 1198 2547 agere

205 2586 334 2640 conarer,
349 2569 478 2628 Fannius
498 2573 669 2630 antevortit:
692 2589 780 2648 quam
798 2571 838 2629 ob
855 2588 917 2628 rem
934 2569 1045 2646 utrique
1064 2579 1198 2628 nostrum

206 2677 319 2743 gratum
333 2668 491 2726 admodum
506 2668 616 2730 feceris.

52 2773 73 2823 1.
91 2773 166 2820 Pane·
243 2765 271 2822 5.
298 2763 421 2823 Laelrur.
453 2764 520 2840 Ego
544 2785 614 2826 vero
637 2784 699 2826 non
726 2785 866 2844 gravarer,
888 2766 912 2826 si
936 2765 1042 2824 mihi
1034 2783 1097 2844 rpse
1124 2782 1196 2824 con·
1184 2771 1244 2826 -17

52 2852 196 2964 sffidg'ffip,
206 2862 344 2936 fiderem3
365 2881 434 2920 nam
449 2875 478 2922 et
491 2865 637 2940 praeclara
650 2884 696 2925 res
710 2876 754 2924 est
768 2875 796 2924 et
810 2883 918 2936 sumuS,
929 2874 961 2922 ut
974 2865 1046 2923 dixit
1057 2864 1194 2936 Fannius,
1320 2853 1321 2862 ¹

55 2972 184 3031 §517-25
205 2961 299 3020 otiosi
351 2960 408 3019 Sed
431 2962 495 3038 quis
520 2979 577 3037 ego
601 2981 666 3020 sum
689 2972 739 3021 aut
760 2981 835 3040 quae
860 2963 959 3021 estin
981 2980 1030 3020 me
1054 2961 1195 3020 facultas?

204 3057 368 3117 Doctorum
396 3068 440 3116 est
467 3060 521 3116 ista
491 3059 730 3118 tconsuetudo
758 3078 851 3136 eaque
880 3059 1069 3130 Graecorum,
1096 3069 1127 3117 ut
1158 3060 1195 3118 iis

205 3166 331 3233 ponatur
352 3156 389 3215 de
410 3173 469 3232 quo
490 3157 637 3232 disputent
659 3158 790 3233 quamvis
814 3157 928 3215 subito:
956 3174 1097 3232 magnum
1118 3163 1195 3233 opus

206 3263 250 3312 est
271 3264 396 3330 egetque
417 3253 620 3312 exercitatione
641 3273 702 3312 non
723 3273 819 3330 parva.
862 3253 960 3325 Quam
977 3256 1016 3313 ob
1035 3272 1097 3312 rem
1118 3255 1195 3332 quae

206 3351 344 3426 disputari
357 3352 394 3409 de
408 3351 533 3409 amicitia
552 3362 684 3426 possunt,
700 3353 793 3411 abeis
814 3370 922 3410 censeo
943 3353 1054 3428 petatis,
1069 3353 1118 3428 qui
1140 3355 1197 3416 ista

205 3448 395 3523 profitentur:
427 3465 484 3522 ego
505 3465 557 3506 vos
578 3447 685 3506 hortari
705 3459 819 3507 tantum
839 3467 961 3524 possum
984 3459 1016 3507 ut
1040 3441 1197 3510 amicitiam

205 3544 340 3604 omnibus
369 3544 455 3603 rebus
483 3543 617 3604 humanis
642 3547 840 3623 anteponatis3
873 3546 943 3606 nihii
968 3559 1012 3608 est
1036 3549 1198 3629 enimtam

728 3718 776 3828 (l

696 3859 707 3880 s
