2662 3908
188 214 230 272 (20
490 217 529 267 nr.
555 215 676 264 ruam
697 207 885 265 cronacum

190 377 315 437 Molesta
332 378 444 447 veritas,
465 377 488 436 si
510 376 627 453 quidem
649 395 686 435 ex
707 395 742 434 ea
762 377 891 435 nascitur
912 375 1021 446 odium,
1036 374 1118 451 quod
1139 385 1184 434 est

189 495 334 535 venenum
356 476 506 547 amicitiae,
532 474 585 534 sed
608 475 782 552 obsequium
806 474 898 532 multo
920 474 1077 545 molestius,
1101 473 1183 550 quod

189 577 316 652 peccatis
335 575 489 651 indulgens
507 575 695 651 praecipitem
715 574 843 631 amicum
861 573 926 632 ferri
947 574 1013 632 sinit
1023 591 1031 644 3
1053 573 1184 639 maxima

190 686 287 732 autem
302 674 387 750 culpa
399 675 430 730 in
444 691 489 746 eo,
504 673 553 749 qui
568 682 597 731 et
610 673 759 730 veritatem
774 681 944 748 aspernatur
958 681 987 730 et
1006 672 1037 728 in
1051 670 1183 729 fraudem

191 773 333 847 obsequio
348 772 499 847 inpellitur.
542 770 633 830 Omni
652 771 738 846 igitur
751 769 806 828 hac
824 770 854 826 in
869 788 900 827 re
914 768 1050 828 habenda
1065 770 1139 827 ratio
1155 778 1184 827 et

191 852 338 945 diligentia
358 880 411 940 est,
426 869 553 944 primum
573 878 605 925 ut
625 868 748 926 monitio
770 868 934 936 acerbitate,
951 866 1056 926 deinde
1077 875 1109 924 ut
1130 867 1184 926 ob-

191 968 313 1041 iurgatio
341 966 517 1024 contumelia
544 974 658 1037 careat3
689 967 720 1023 in
747 964 893 1040 obsequio
916 973 1023 1036 autem,
1044 965 1185 1041 quoniam

192 1065 370 1122 Terentiano
386 1065 475 1124 verbo
495 1065 617 1122 libenter
637 1065 751 1134 utimur,
767 1063 891 1122 comitas
912 1063 995 1134 adsit,
1012 1062 1184 1134 adsentatio,

191 1163 325 1220 vitiorum
340 1162 470 1232 adiutrix,
485 1161 586 1238 procul
605 1171 782 1232 amoveatur,
797 1179 872 1237 quae
892 1179 955 1219 non
968 1162 1059 1221 modo
1079 1162 1186 1232 amico,

193 1262 300 1320 sedne
322 1261 412 1319 libero
433 1261 552 1337 quidem
574 1261 661 1336 digna
681 1270 741 1332 est3
766 1260 848 1334 aliter
866 1260 945 1318 enirn
964 1278 1031 1318 cum
1048 1269 1184 1337 tyranno,

193 1359 272 1416 aliter
286 1376 353 1416 cum
368 1359 463 1416 amico
477 1357 586 1414 vivitur.
630 1355 721 1416 Cuius
736 1365 832 1414 autem
847 1375 931 1415 aures
945 1356 1060 1415 clausae
1074 1357 1187 1415 veritati
1195 1362 1240 1414 90

193 1468 268 1527 sunt,
284 1467 316 1514 ut
334 1457 371 1514 ab
389 1457 484 1513 amieo
498 1473 598 1515 verum
616 1455 716 1513 audire
734 1466 867 1530 nequeat,
882 1455 967 1514 huius
986 1456 1063 1514 salus
1081 1455 1187 1532 despe-

193 1555 285 1612 randa
299 1563 360 1626 est3
383 1554 487 1612 scitum
501 1563 545 1612 est
560 1555 644 1611 enim⁴
652 1553 722 1610 illud
735 1552 865 1624 Catonis,
876 1563 908 1610 ut
922 1553 1021 1624 multa,
1032 1554 1134 1612 melius
1149 1552 1187 1613 de

194 1653 368 1728 quibusdam
386 1653 512 1710 'acerbos
533 1651 668 1710 inimicos
689 1652 793 1710 mereri
814 1669 902 1728 quam
924 1668 975 1709 eos
996 1652 1117 1723 amicos,
1136 1653 1188 1728 qui

194 1748 294 1817 dulces
315 1750 481 1808 videantur:
507 1749 571 1808 illos
591 1767 691 1808 verum
712 1767 800 1824 saepe
822 1748 925 1820 dicere,
940 1747 995 1806 hos
1016 1767 1188 1825 numquam.

194 1847 291 1921 Atque
305 1847 375 1905 illud
385 1847 552 1918 absurdum,
562 1846 643 1923 quod
653 1847 681 1919 ii,
693 1847 744 1923 qui
757 1856 923 1916 monentur,
935 1864 1001 1904 eam
1013 1847 1187 1918 molestiam,

194 1963 282 2021 quam
304 1946 409 2004 debent
427 1964 540 2022 capere,
554 1963 615 2004 non
634 1947 762 2021 capiunt,
776 1963 842 2002 eam
861 1945 987 2020 capiunt,
1003 1963 1061 2020 qua
1079 1946 1189 2005 debent

194 2061 295 2101 vacare
306 2061 314 2116 ;
336 2061 474 2118 peccasse
494 2045 573 2102 enim
593 2061 625 2101 se
646 2061 708 2100 non
729 2052 883 2117 anguntur,
899 2043 1046 2118 obiurgari
1064 2044 1188 2102 moleste

195 2141 306 2199 serunt:
336 2141 415 2216 quod
435 2149 539 2200 contra
563 2141 717 2217 oportebat
748 2140 854 2198 delicto
879 2140 986 2212 dolere,
1008 2143 1188 2201 correctione

195 2239 330 2314 gaudere.

238 2335 287 2394 25.
321 2335 361 2393 Ut
385 2336 470 2412 igitur
491 2346 519 2396 et
540 2355 661 2396 monere
681 2345 710 2395 et
730 2336 844 2396 moneri
864 2338 1015 2414 proprium
1037 2347 1081 2396 est
1104 2356 1189 2397 verae
1200 2347 1237 2400 91

196 2434 337 2492 amicitiae
358 2444 386 2492 et
405 2434 524 2492 alterum
543 2435 630 2493 libere
651 2433 756 2506 faeere,
774 2453 835 2494 non
852 2453 963 2511 aspere,
978 2436 1099 2494 alterum
1115 2437 1190 2513 pati-

196 2541 277 2589 enter
290 2531 429 2606 accipere,
444 2550 505 2590 non
519 2543 722 2609 repugnanter,
737 2533 778 2590 sic
796 2533 964 2591 habendum
978 2543 1021 2592 est
1035 2534 1144 2592 nullam
1159 2535 1191 2592 in

196 2629 326 2686 amicitiis
340 2639 453 2704 pestem
464 2647 527 2688 esse
538 2631 678 2689 maiorem
693 2648 782 2706 quam
794 2630 999 2702 adulationem,
1010 2632 1189 2704 blanditiam,

196 2726 444 2799 adsentationem3
476 2729 606 2803 quamvis
634 2728 712 2785 enim
740 2728 837 2786 multis
866 2729 1034 2788 nominibus
1061 2740 1105 2788 est
1131 2731 1191 2790 hoc

196 2823 294 2880 vitium
309 2824 469 2880 notandum
483 2825 588 2883 levium
601 2824 754 2883 hominum
769 2835 855 2902 atque
870 2825 1023 2896 fallacium,
1038 2827 1076 2884 ad
1089 2828 1192 2886 volun-

195 2929 284 2978 tatem
296 2944 297 2950 ¹
309 2920 488 2996 loquentium
513 2923 621 2995 omnia,
642 2923 713 2981 nihil
734 2922 771 2982 ad
792 2925 951 2982 veritatem.
993 2921 1069 2981 Cum
1093 2909 1239 2986 aulem92

196 3019 327 3076 omnium
351 3037 445 3076 rerum
474 3021 618 3080 simulatio
639 3022 742 3080 vitiosa
769 3021 927 3080 est-tollit
951 3022 1029 3080 enim
1054 3023 1191 3083 iudicium

196 3118 254 3175 veri
269 3117 355 3192 idque
370 3118 557 3189 adulteratq,
569 3130 630 3177 tum
645 3120 786 3179 amicitiae
797 3130 939 3197 repugnat
950 3122 1093 3181 maxime:
1115 3123 1192 3183 delet

198 3215 276 3273 enim
289 3216 445 3287 veritatem,
459 3217 520 3274 sine
535 3236 593 3292 qua
606 3236 716 3276 nomen
735 3220 876 3278 amicitiae
891 3219 985 3279 valere
1004 3238 1066 3279 non
1085 3231 1191 3298 potest.

199 3313 277 3371 Nam
292 3332 358 3370 cum
375 3314 516 3373 amicitiae
530 3317 572 3374 vis
592 3317 627 3374 sit
647 3316 678 3372 in
697 3335 742 3387 eo,
757 3327 789 3374 ut
807 3336 882 3376 unus
904 3319 987 3395 quasi
1008 3319 1121 3377 animus
1142 3320 1192 3380 liat

199 3430 235 3468 ex
251 3410 386 3485 pluribus,
400 3411 494 3487 quiid
508 3412 567 3470 fieri
588 3415 700 3487 poterit,
717 3414 740 3471 si
759 3433 796 3472 ne
817 3416 847 3472 in
867 3434 927 3474 uno
941 3417 1059 3493 quidem
1073 3437 1192 3494 quoque

199 3526 274 3566 unus
293 3508 405 3567 animus
424 3511 476 3568 erit
494 3511 629 3587 idemque
650 3529 772 3588 semper,
787 3514 840 3572 sed
853 3515 956 3586 varius
971 3516 1195 3592 commutabilis,
