2662 3908
192 212 233 290 4⁶
499 206 537 256 u.
563 205 681 254 aucun
703 205 893 253 ciceronis
948 281 953 288 .

194 368 278 426 annis
292 377 359 426 ante
373 365 452 442 apud
467 381 522 422 nos
537 363 644 421 fecerat
658 360 839 421 Coriolanus.
882 363 939 422 His
958 364 1072 425 adiutor
1091 376 1194 426 contra

195 466 317 542 patriam
341 465 475 521 inventus
503 471 547 520 est
575 478 664 518 nemo
675 480 683 531 ;
720 461 816 535 itaque
844 472 969 520 mortem
994 465 1049 522 sibi
1072 474 1194 540 uterque
1316 539 1317 542 Ἴ

196 562 343 620 conscivit.
385 558 454 631 Qua
475 577 507 618 re
528 558 593 616 talis
618 558 810 633 inproborum
835 560 992 618 consensio
1017 579 1079 620 non
1103 562 1240 621 modo43

196 659 384 718 excusatione
402 657 544 715 amicitiae
564 656 692 731 tegenda
713 673 774 713 non
793 665 845 727 est,
867 658 919 716 sed
935 659 1033 733 potius
1051 660 1194 734 supplicio

197 759 278 817 omni
292 756 465 814 vindicanda
479 766 532 825 est,
546 766 578 814 ut
592 773 630 814 ne
645 756 710 831 quis
725 773 899 814 concessum
913 766 995 831 putet
1009 757 1137 815 amicum
1151 757 1196 815 vel

196 856 305 913 bellum
324 841 432 930 patriae
453 853 625 913 inferentem
647 853 749 929 sequi:
782 853 862 929 quod
882 853 1009 929 quidem,
1030 864 1063 911 ut
1084 872 1130 912 res
1154 855 1195 913 ire

1316 699 1317 720 r

198 953 302 1026 coepit,
317 953 395 1010 haud
410 953 471 1010 scio
485 971 523 1010 an
544 951 700 1027 aliquando
720 951 847 1008 futurum
861 950 914 1021 sit;
936 950 1007 1007 mihi
1023 961 1120 1009 autem
1134 970 1196 1010 non

198 1050 304 1107 minori
328 1069 413 1108 curae
436 1061 488 1121 est,
515 1049 608 1127 qualis
636 1067 682 1108 res
710 1049 826 1124 publica
853 1058 922 1127 post
946 1059 1071 1108 mortem
1099 1067 1197 1107 meam

199 1147 300 1217 futura,
315 1166 404 1223 quam
419 1149 511 1223 qualis
525 1147 611 1206 hodie
627 1148 671 1206 sit.

241 1245 286 1302 13.
315 1245 400 1304 Haec
414 1247 500 1322 igitur
513 1247 607 1322 prima
620 1246 667 1304 lex
681 1245 824 1306 amicitiae
839 1248 991 1320 sanciatur,
1002 1259 1034 1306 ut
1048 1250 1086 1306 ab
1096 1244 1249 1306 amicis44

200 1343 324 1402 honesta
342 1353 485 1420 petamus,
501 1345 660 1403 amicorum
680 1363 768 1404 causa
787 1345 911 1404 honesta
929 1346 1078 1417 faciamus,
1093 1364 1131 1402 ne
1146 1364 1197 1404 ex·
1316 1341 1317 1408 l

202 1452 365 1520 spectemus
390 1444 518 1518 quidem,
548 1444 618 1502 dum
645 1461 796 1520 rogemur,
815 1431 943 1502 studium
970 1462 1085 1520 semper
1113 1443 1197 1512 adsit,

202 1542 347 1600 cunctatio
362 1541 443 1607 absit,
459 1541 611 1599 consilium
625 1559 693 1600 vero
709 1542 777 1600 dare
793 1541 952 1601 audeamus
965 1543 1062 1601 libere.
1105 1541 1198 1598 Pluri-
1316 1529 1317 1546 ¹

202 1658 283 1696 mum
297 1640 326 1696 in
340 1639 465 1696 amicitia
475 1639 635 1698 amicorum
646 1641 722 1697 bene
734 1640 917 1698 suadentium
930 1641 1022 1699 valeat
1032 1641 1196 1709 auctoritas
1316 1623 1317 1626 Ἴ

202 1756 294 1812 eaque
315 1747 344 1794 et
364 1737 533 1795 adhibeatur
554 1737 591 1796 ad
611 1738 792 1796 monendum
817 1757 879 1797 non
902 1739 994 1797 modo
1015 1749 1122 1815 aperte,
1146 1737 1198 1796 sed

42 1847 79 1920 (ρ)
95 1836 290 1894 Reium-etiam
308 1835 416 1906 acriter,
437 1837 461 1893 si
480 1853 526 1893 res
543 1836 707 1912 postulabit,
727 1847 755 1896 et
772 1836 917 1896 adhibitae
935 1847 1074 1912 pareatur.
1118 1833 1197 1892 Nam
1205 1840 1249 1892 45

41 1911 180 2024 ξζῑῗξεζὲεᾶε
201 1933 384 2008 quibusdam,
396 1952 471 2008 quos
487 1934 574 1991 audio
589 1935 726 2009 sapientis
740 1934 855 1993 habitos
868 1936 899 1992 in
914 1934 1046 2004 Graecia,
1055 1934 1197 2010 placuisse

43 2047 71 2098 so
85 2013 186 2104 45-55.'
203 2031 308 2106 opinor
322 2032 463 2089 mirabilia
482 2032 722 2107 quaedam-sed
737 2033 806 2094 nihil
827 2043 879 2103 est,
895 2033 976 2108 quod
994 2033 1034 2090 illi
1053 2050 1114 2090 non
1134 2050 1198 2107 per-

203 2137 360 2202 sequantur
374 2129 548 2203 argutiis—:
568 2130 672 2204 partim
686 2129 838 2204 fugiendas
852 2147 916 2188 esse
930 2130 1035 2188 nimias
1049 2129 1198 2200 amicitias,

204 2243 241 2282 ne
256 2242 374 2282 necesse
389 2226 424 2282 sit
438 2243 530 2282 unum
544 2226 700 2284 sollicitum
711 2244 775 2284 esse
789 2244 843 2301 pro
854 2226 999 2302 pluribus;
1018 2226 1085 2284 satis
1099 2244 1199 2301 super·

204 2341 261 2398 que
286 2341 349 2380 esse
374 2323 428 2379 sibi
450 2341 567 2382 suarum
588 2326 692 2399 cuique
716 2342 819 2395 rerum,
841 2325 941 2382 alienis
963 2325 1048 2382 nimis
1069 2323 1199 2398 inplicari

204 2419 357 2477 molestum
388 2439 468 2492 esse;
510 2422 781 2479 commodissimum
816 2440 879 2480 esse
915 2439 1004 2496 quam
1036 2421 1200 2478 laxissimas

202 2516 333 2574 *habenas
356 2516 463 2575 habere
488 2519 641 2589 amicitiae,
663 2525 736 2596 quas
757 2520 802 2576 vel
825 2519 955 2580 adducas
976 2537 1043 2577 cum
1064 2519 1134 2576 velis
1154 2518 1200 2575 vel

205 2615 349 2684 remittas;
378 2626 465 2689 caput
485 2617 564 2675 enim
585 2633 649 2676 esse
670 2617 707 2675 ad
728 2618 812 2676 beate
833 2617 987 2674 vivendum
1009 2617 1200 2687 securitatem,

207 2731 264 2789 qua
283 2712 336 2770 frui
354 2731 414 2770 non
431 2715 524 2788 possit
545 2715 666 2785 animus
685 2715 708 2772 si
725 2725 876 2790 tamquam
895 2713 1033 2789 parturiat
1051 2731 1127 2771 unus
1145 2731 1200 2788 pro

206 2811 342 2888 pluribus
384 2811 466 2869 Alios
480 2821 578 2869 autem
592 2813 687 2870 dicere
701 2813 780 2870 aiunt
801 2813 892 2890 multo
911 2812 998 2869 etiam
1016 2771 1201 2870 idhumanius
1208 2817 1250 2870 46

207 2925 336 2983 -quem
349 2907 445 2965 locum
460 2909 583 2966 breviter
596 2909 683 2984 paulo
698 2919 765 2966 ante
779 2909 1105 2985 perstrinxi-praesidii
1119 2909 1202 2966 adiu-

207 3007 355 3082 mentique
374 3024 469 3076 causa,
484 3024 545 3064 non
564 3006 781 3064 benevolentiae
801 3024 897 3081 neque
916 3007 1048 3076 caritatis,
1063 3008 1203 3077 amicitias

209 3121 273 3161 esse
301 3104 495 3180 expetendas;
533 3104 638 3179 itaque,
666 3113 698 3161 ut
731 3103 852 3179 quisque
882 3103 1035 3160 minimum
1063 3103 1202 3162 firmitatis

210 3203 329 3260 haberet
346 3203 555 3278 minimumque
569 3202 678 3270 virium,
693 3201 732 3259 ita
751 3201 891 3258 amicitias
911 3201 1045 3276 adpetere
1059 3203 1203 3262 maxime:

211 3319 247 3357 ex
262 3318 298 3358 eo
313 3301 373 3358 fieri
386 3311 417 3359 ut
434 3299 615 3358 mulierculae
635 3299 728 3374 magis
750 3299 939 3356 amicitiarum
958 3299 1100 3372 praesidia
1114 3316 1203 3373 quae·

211 3406 275 3453 rant
289 3414 376 3471 quam
390 3397 441 3453 viri
459 3406 487 3454 et
505 3396 608 3470 inopes
628 3413 716 3470 quam
736 3396 867 3470 opulenti
886 3405 914 3452 et
933 3396 1093 3453 calamitosi
1113 3413 1202 3470 quam

212 3493 240 3565 ii,
266 3493 315 3568 qui
341 3502 477 3570 putantur
502 3493 588 3551 beati.
630 3491 658 3551 Ο
683 3493 860 3569 praeclaram
888 3493 1075 3571 sapientiam!
1111 3494 1246 3554 solem4l
