2662 3908
440 233 444 242 ‚
508 229 555 278 os
577 227 757 278 aurorum.
809 229 827 236 ¹·
1085 235 1127 305 43

173 390 221 449 10.
255 386 336 446 lael.
361 386 468 448 Audite
488 405 565 459 vem,
587 387 700 462 optumi
720 386 778 457 viri,
801 403 842 457 ea,
864 402 939 461 quae
964 381 1130 460 saepissime
1140 391 1178 455 (al
1192 391 1268 468 ¹Diffi-

135 485 270 545 interme
285 496 313 546 et
328 485 495 570 Scipionem
509 486 546 545 de
565 467 691 543 amicitia
704 464 931 543 disserebantur:
953 499 1131 558 quamquam
1139 457 1282 583 ffigssffij,

136 582 182 640 ille
197 583 314 658 quidem
328 573 398 642 nihil
412 583 553 642 difficilius
566 602 630 642 esse
644 583 757 641 dicebat
771 599 860 658 quam
871 580 1026 639 amicitiam
1040 583 1131 655 usque
1141 592 1170 646 §5
1185 599 1272 649 33-35·

136 679 175 736 ad
193 690 354 738 extremum
371 682 445 740 vitae
467 681 544 740 diem
563 700 750 757 permanere3
778 697 848 738 narn
866 679 911 738 vel
927 687 959 736 ut
975 694 1037 735 non
1053 675 1132 734 idem

136 779 283 854 expediret
297 780 422 840 incidere
436 798 531 857 saepe,
546 780 591 838 vel
607 791 639 837 ut
659 780 696 838 de
714 798 746 837 re
765 771 958 856 publication
972 776 1050 835 idem
1065 793 1131 833 sen·

137 878 252 949 tiretur;
280 878 385 937 mutari
409 879 495 937 etiam
516 895 612 935 mores
633 876 787 936 hominurn
808 893 895 951 saepe
917 874 1039 944 dicebat,
1061 873 1132 932 alias

137 975 263 1034 adversis
276 977 370 1046 rebus,
385 976 454 1034 alias
473 985 566 1034 aetate
586 976 811 1052 ingravescente.
853 973 949 1048 Atque
969 990 1068 1030 earum
1087 990 1131 1029 re-

137 1091 200 1129 rum
214 1073 379 1149 exemplum
393 1092 429 1131 ex
444 1073 627 1132 similitudine
641 1074 774 1149 capiebat
787 1070 914 1130 ineuntis
927 1070 1036 1140 aetatis,
1052 1069 1132 1144 quod

138 1171 243 1228 summi
269 1188 425 1246 puerorum
451 1189 566 1230 amores
591 1190 677 1247 saepe
704 1190 764 1229 una
791 1185 859 1229 cum
885 1178 1034 1245 praetexta
1062 1179 1132 1244 toga

89 1273 329 1342 34ponerentur;
351 1269 507 1326 sinautem
522 1268 559 1326 ad
573 1268 799 1326 adulescentiam
812 1267 1022 1343 perduxissent,
1037 1265 1132 1324 dirimi

138 1373 237 1422 tamen
250 1365 393 1423 interdurn
408 1365 595 1423 contentione
610 1365 653 1424 vel
667 1366 785 1425 uxoriae
799 1363 981 1423 condicionis
991 1364 1036 1421 vel
1049 1382 1132 1422 conr-

136 1461 220 1520 modi
233 1462 359 1534 alicuius,
373 1464 453 1540 quod
467 1463 546 1521 idern
558 1463 679 1538 adipisci
692 1472 811 1539 uterque
825 1480 887 1520 non
901 1471 1010 1538 posset.
1042 1461 1132 1534 Quod

138 1561 162 1618 si
176 1561 226 1635 qui
239 1560 353 1636 longius
366 1561 398 1617 in
416 1561 541 1619 amicitia
560 1560 689 1636 provecti
706 1569 812 1630 essent,
827 1569 925 1618 tamen
946 1578 1033 1635 saepe
1052 1559 1132 1619 labe-

137 1657 246 1730 factari,
261 1659 285 1716 si
298 1659 329 1715 in
342 1659 461 1718 honoris
475 1659 694 1717 contentionem
713 1658 899 1729 incidissent;
920 1667 1034 1734 pestem
1052 1659 1130 1717 enim

137 1754 245 1812 nullam
269 1757 409 1815 maiorem
430 1776 493 1816 esse
515 1757 646 1815 amicitiis
667 1774 756 1834 quarn
777 1755 807 1813 in
826 1755 969 1831 plerisque
990 1757 1129 1832 pecuniae

138 1854 332 1930 cupiditatem,
364 1854 395 1913 in
428 1855 545 1932 optimis
578 1857 739 1932 quibusque
772 1854 890 1913 honoris
923 1864 1069 1912 certarnen
1101 1865 1130 1911 et

137 1953 255 2028 gloriae,
269 1971 305 2010 ex
322 1971 381 2028 quo
401 1953 563 2012 inimicitias
581 1955 723 2012 maximas
741 1971 827 2029 saepe
846 1953 920 2011 inter
938 1950 1129 2009 amicissimos

89 2058 128 2111 ³5
138 2051 288 2110 exstitisse.
330 2049 441 2126 Magna
461 2051 549 2109 etiam
570 2051 690 2109 discidia
711 2061 739 2110 et
760 2051 929 2128 plerumque
948 2049 1021 2107 iusta
1041 2049 1129 2119 nasci,

137 2166 205 2206 cum
219 2147 324 2222 aliquid
338 2148 375 2205 ab
395 2148 504 2216 amicis,
519 2149 599 2224 quod
617 2158 728 2207 rectum
749 2167 810 2206 non
830 2158 915 2217 esset,
930 2146 1128 2222 postularetur,

137 2254 169 2303 ut
183 2253 232 2301 aut
245 2243 369 2312 libidinis
382 2243 504 2301 ministri
515 2255 564 2302 aut
578 2244 723 2304 adiutores
734 2254 831 2303 essent
846 2245 884 2303 ad
897 2244 1037 2313 iniuriam,
1049 2243 1130 2320 quod

137 2343 187 2418 qui
200 2350 372 2411 recusarent,
387 2341 517 2416 quamvis
530 2340 652 2400 honeste
666 2342 696 2399 id
709 2342 845 2412 facerent,
860 2341 904 2400 ius
918 2351 1016 2399 tamen
1031 2341 1131 2398 amici-

136 2439 193 2498 tiae
208 2439 337 2497 deserere
351 2449 536 2514 arguerentur
550 2441 587 2497 ab
605 2439 647 2510 iis,
662 2441 766 2516 quibus
780 2441 901 2516 obsequi
916 2439 1043 2511 nollent;
1066 2439 1129 2498 illos

137 2547 242 2606 autem,
257 2536 306 2611 qui
319 2537 431 2612 quidvis
445 2537 482 2594 ab
499 2537 594 2595 amico
613 2537 750 2596 auderent
767 2538 921 2614 postulare,
935 2536 1130 2612 postulatione

135 2636 201 2708 ipsa
223 2633 350 2708 profiteri
370 2635 470 2691 omnia
490 2653 522 2693 se
543 2634 628 2692 amici
652 2654 740 2694 causa
762 2655 826 2695 esse
851 2636 977 2696 facturos
988 2656 997 2708 5
1028 2654 1130 2695 eorum

136 2730 260 2806 querella
276 2731 432 2790 inveterata
450 2749 512 2790 non
532 2732 623 2790 modo
641 2733 846 2792 familiaritates
865 2734 1009 2809 exstingui
1029 2733 1129 2802 solere,

135 2829 189 2888 sed
207 2828 275 2886 odia
293 2829 380 2886 etiarn
398 2830 479 2906 gigni
496 2831 686 2906 sempiterna:
708 2831 782 2890 baec
801 2832 841 2889 ita
859 2831 950 2889 multa
967 2833 1049 2908 quasi
1070 2831 1129 2889 fata

78 2993 82 3002 1
135 2927 292 3004 inpendere
306 2927 446 2999 amicitiis,
459 2938 492 2987 ut
511 2929 611 2986 omnia
625 2929 822 3006 subterfugere
836 2947 897 2987 non
910 2929 1000 2987 modo
1016 2929 1128 3005 sapien-

135 3026 201 3096 tiae,
215 3024 368 3084 sedetiam
382 3025 522 3084 felicitatis
537 3025 643 3084 diceret
657 3027 711 3084 sibi
724 3027 819 3085 videri
1139 3068 1188 3118 HL
1206 3068 1261 3118 Pre-

86 3125 127 3180 36
173 3122 219 3180 11.
246 3121 344 3194 Quam
365 3124 486 3182 obrem
507 3124 538 3182 id
561 3124 687 3200 primum
707 3124 864 3195 videamuS,
886 3123 911 3183 si
934 3123 1037 3200 placet,
1059 3142 1250 3200 qua-cepuon

101 3229 104 3236 '
135 3231 219 3279 tenus
232 3239 316 3278 arnor
335 3221 365 3278 in
384 3221 510 3280 amicitia
529 3223 666 3298 progredi
684 3222 797 3282 debeat.
839 3222 966 3292 Numne,
982 3222 1006 3280 si
1025 3221 1128 3280 Corio·
1139 3199 1280 3326 §effigi

133 3318 217 3376 lanus
241 3317 342 3376 habuit
367 3319 486 3389 amicos,
511 3319 584 3377 ferre
612 3330 715 3378 contra
742 3319 865 3395 patriam
893 3337 975 3376 arma
998 3319 1037 3376 illi
1061 3300 1286 3390 cum(1)Duty'

134 3415 292 3475 Coriolano
317 3415 495 3474 debuerunt?
527 3434 598 3474 num
619 3415 808 3475 Viscellinum
828 3416 913 3474 amici
934 3434 1056 3492 regnum
1077 3401 1203 3474 ad·mUSt
1215 3394 1244 3441 be

15 3511 17 3588 l
86 3517 125 3571 37
134 3524 290 3592 petentem,
303 3531 372 3572 num
385 3513 525 3572 Maelium
536 3513 697 3572 debuerunt
708 3514 824 3572 iuvare?
846 3513 995 3572 Tiberium
1011 3513 1128 3589 quidem
1137 3457 1291 3581 iiiiiedifdrio

1139 3589 1168 3644 tt
1182 3585 1269 3646 ³6-44·
