2662 3908
203 213 245 291 48
504 214 543 265 Μ.
569 213 689 262 romu
710 211 900 262 emenonis

204 374 358 434 delectari?
412 371 492 432 Nihil
524 382 569 432 est
599 371 678 431 enim
710 370 941 430 remuneratione
972 367 1205 441 benevolentiae,

204 472 274 530 nihil
288 471 482 531 vicissitudine
496 471 656 529 studiorum
671 469 889 545 officiorumque
903 469 1064 527 iucundius.
1099 466 1182 539 Quid
1192 470 1204 524 i
1213 472 1265 524 50

203 572 228 628 si
251 569 321 627 illud
341 570 429 627 etiam
455 568 598 638 addimus,
619 569 701 645 quod
722 577 800 626 recte
822 567 890 626 addi
914 577 1019 642 potest,
1041 565 1112 623 nihil
1136 583 1204 624 esse

203 667 285 742 quod
298 667 336 725 ad
350 684 381 724 se
395 684 458 723 rem
472 665 560 723 ullam
574 676 635 724 tam
649 666 757 724 inliciat
775 675 805 724 et
824 664 947 724 attrahat
965 681 1053 740 quam
1072 663 1109 720 ad
1129 663 1204 719 ami-

204 764 301 822 citiam
322 762 486 833 similitud0,
501 763 678 822 concedetur
698 761 831 840 profecto
845 780 945 820 verum
966 779 1040 830 esse,
1054 771 1087 817 ut
1105 760 1204 817 bonos

203 860 275 919 boni
285 859 405 934 diligant
414 860 635 936 adsciscantque
648 862 701 920 sibi
712 862 794 936 quasi
803 860 1017 937 propinquitate
1029 857 1204 916 coniunctos
1229 913 1235 924 ,

204 967 291 1034 atque
312 957 430 1028 natiua3
459 957 529 1014 nihil
550 968 595 1017 est
615 958 694 1016 enim
715 958 899 1035 adpetentius
924 956 1060 1015 similium
1081 955 1124 1013 sui
1145 972 1204 1012 nec

204 1054 336 1130 rapacius
356 1067 444 1130 quam
465 1064 575 1112 natura.
618 1053 716 1126 Quam
737 1056 776 1114 ob
797 1072 860 1113 rem
880 1054 938 1112 hoc
959 1053 1086 1129 quidem,
1107 1051 1204 1108 Fanni

204 1161 234 1211 et
253 1151 398 1220 Scaevola,
415 1161 536 1223 constet,
550 1163 582 1211 ut
601 1154 715 1228 opinor,
734 1154 820 1213 bonis
841 1154 915 1210 inter
933 1153 1028 1210 bonos
1047 1150 1130 1224 quasi
1151 1167 1203 1206 ne·

206 1249 361 1308 cessariam
389 1249 628 1321 benevolentiam,
653 1251 703 1326 qui
731 1261 776 1310 est
800 1251 943 1309 amicitiae
968 1248 1034 1306 fons
1057 1264 1076 1304 a
1099 1255 1203 1305 natura

206 1349 389 1406 constitutus.
445 1346 503 1406 Sed
531 1348 634 1406 eadem
664 1349 780 1407 bonitas
808 1349 895 1407 etiam
923 1347 961 1405 ad
988 1339 1202 1403 multitudinem

205 1447 345 1522 pertinet3
380 1462 442 1504 non
469 1445 548 1503 enim
574 1454 618 1503 est
646 1445 804 1504 inhumana
831 1447 919 1504 virtus
946 1462 1041 1521 neque
1073 1445 1201 1502 inmunis

206 1561 302 1619 neque
323 1544 455 1618 superba,
477 1560 552 1617 quae
576 1543 663 1600 etiam
684 1543 810 1618 populos
834 1544 983 1604 universos
1004 1543 1076 1601 tueri
1100 1544 1202 1618 eisque

206 1651 327 1717 optume
351 1640 501 1698 consulere
526 1639 626 1711 soleat,
651 1640 731 1715 quod
755 1659 816 1699 non
840 1641 947 1700 faceret
971 1641 1112 1718 prolecto,
1135 1643 1202 1699 sia

208 1739 323 1798 can'tate
333 1739 411 1812 volgi
424 1738 597 1796 abhorreret.
638 1738 735 1813 Atque
750 1740 837 1797 etiam
851 1739 922 1797 mihi
933 1740 1051 1814 quidem
1061 1740 1199 1810 videntur,
1207 1745 1248 1796 51

207 1838 258 1912 qui
278 1836 403 1894 utilitatis
425 1853 511 1894 causa
531 1836 646 1911 fingunt
666 1837 814 1907 amicitiae,
832 1837 1070 1895 amabilissimum
1089 1837 1202 1894 nodum

207 1935 349 1992 amicitiae
370 1933 486 2005 tollere;
511 1951 573 1991 nou
593 1934 671 1991 enim
691 1944 751 1992 tam
772 1935 877 1994 utilitas
897 1946 981 2010 parta
1000 1954 1053 2011 per
1075 1934 1203 1992 amicum

208 2050 297 2108 quam
317 2031 402 2088 amici
423 2046 504 2088 amor
524 2033 587 2105 ipse
612 2031 743 2102 delectat,
764 2041 885 2107 tumque
909 2032 978 2090 illud
1000 2031 1039 2102 fit,
1062 2032 1143 2107 quod
1164 2033 1203 2089 ab

209 2130 303 2187 amico
318 2137 362 2186 est
375 2127 545 2203 profectum,
560 2129 728 2198 iucundum,
740 2129 764 2186 si
778 2147 846 2187 cum
861 2129 956 2187 studio
970 2139 1013 2187 est
1027 2129 1201 2205 profectum,

208 2237 376 2301 tantumque
397 2225 479 2282 abest
499 2235 531 2283 ut
552 2227 694 2284 amicitiae
715 2236 834 2302 propter
851 2227 1043 2301 indigentiam
1061 2227 1202 2298 colantur,

209 2334 241 2382 ut
258 2324 285 2393 ii,
301 2323 350 2397 qui
369 2321 473 2396 opibus
495 2331 523 2380 et
544 2323 636 2397 copiis
656 2324 841 2398 maximeque
860 2323 972 2392 virtute,
992 2324 1023 2381 in
1041 2342 1100 2400 qua
1117 2324 1203 2400 pluri·

210 2527 239 2577 et
251 2516 513 2574 beneficentissimi.
547 2517 645 2590 Atque
658 2516 736 2574 haud
750 2519 840 2575 sciam
854 2536 892 2575 an
903 2537 940 2576 ne
951 2537 1027 2595 opus
1038 2520 1074 2577 sit
1085 2520 1204 2596 quidem

210 2615 280 2673 nihil
294 2630 434 2688 umquam
448 2613 569 2671 omnino
584 2613 684 2672 deesse
699 2615 815 2673 amicis:
836 2617 886 2674 ubi
901 2617 980 2674 enim
997 2617 1091 2675 studia
1105 2628 1206 2677 nostra

211 2711 375 2787 viguissent,
390 2711 414 2766 si
428 2699 591 2785 numquam
603 2711 732 2781 consilio,
747 2728 908 2786 numquam
923 2731 1015 2789 opera
1033 2725 1135 2773 nostra
1149 2734 1205 2774 nec

212 2808 292 2866 domi
315 2825 370 2864 nec
394 2805 510 2864 militiae
539 2805 637 2882 Scipio
661 2807 806 2882 eguisset?
849 2809 920 2868 Non
944 2811 1030 2886 igitur
1054 2812 1206 2872 utilitatem

211 2904 345 2974 amicitia,
359 2904 412 2962 sed
426 2903 529 2962 utilitas
544 2904 697 2962 amicitiam
712 2914 810 2963 secuta
824 2915 875 2964 est.

251 3002 298 3061 15.
321 3001 392 3059 Non
406 3017 477 3076 ergo
494 3012 576 3059 erunt
594 3001 728 3059 homines
748 3002 857 3061 deliciis
878 3003 1041 3063 diffluentes
1060 3007 1206 3080 audiendi,
1215 3015 1261 3069 52

212 3099 238 3159 si
261 3100 379 3177 quando
404 3099 440 3157 de
464 3099 596 3169 amicitia,
621 3116 709 3174 quam
733 3117 788 3157 nec
811 3117 867 3158 usu
887 3119 943 3158 nec
963 3102 1076 3162 ratione
1097 3105 1208 3186 habent

213 3199 370 3273 cognitam,
392 3197 594 3273 disputabunt;
623 3213 692 3254 nam
713 3197 777 3271 quis
801 3207 853 3267 est,
873 3198 948 3272 proh
973 3199 1096 3259 deorum
1118 3203 1208 3261 fidem

213 3304 304 3369 atque
319 3295 480 3364 hominum,
501 3295 550 3369 qui
571 3293 644 3364 velit,
664 3302 697 3350 ut
717 3310 812 3367 neque
833 3292 932 3368 diligat
951 3312 1130 3372 quemquam
1152 3319 1209 3360 nec

213 3390 276 3466 ipse
294 3394 332 3451 ab
350 3390 409 3448 ullo
427 3390 567 3465 diligatur,
583 3388 780 3449 circumlinere
799 3392 936 3449 omnibus
956 3394 1049 3468 copiis
1069 3406 1158 3472 atque
1177 3400 1209 3457 in

212 3488 344 3546 omnium
368 3505 461 3546 rerum
482 3486 658 3546 abundantia
679 3486 789 3546 vivere?
832 3487 917 3546 Haec
940 3489 1020 3546 enim
1045 3500 1090 3550 est
1110 3501 1208 3572 tyran-
