2662 3908
506 254 552 302 DE
574 252 756 302 AMICITIA.
1089 248 1127 308 61
1148 323 1156 340 .

88 419 131 473 93
138 413 306 491 multiplex?
337 412 418 486 Quid
433 414 511 471 enirn
526 423 622 489 potest
641 431 704 472 esse
719 423 778 472 tarn
793 413 925 485 flexibile,
941 423 1000 472 tam
1016 412 1131 472 devium

137 531 224 590 quam
250 513 363 571 animus
387 513 457 584 eiua,
478 512 527 589 qui
552 513 591 571 ad
613 513 728 570 alterius
753 530 814 570 non
838 514 929 572 modo
954 530 1071 570 sensum
1096 529 1131 568 ac

136 610 325 681 voluntatem,
339 610 390 668 sed
404 611 492 668 etiarn
506 610 618 668 voltum
632 620 717 686 atque
732 620 835 668 nutum
849 610 1041 668 convertitur?

204 731 304 795 ‘Negat
316 731 378 796 quis,
391 747 471 794 nego;
488 731 530 788 ait,
543 729 600 790 aio;
618 738 745 796 postremo
756 731 876 795 imperavi
888 738 985 794 egomet
996 730 1058 780 mibi

220 807 314 857 Omnia
326 808 470 866 adsentari:
1133 829 1309 887 W

134 919 166 968 ut
183 909 224 967 ait
242 908 321 967 idem
340 907 504 979 Terentius,
526 908 579 968 sed
598 910 645 967 ille
663 910 694 968 in
716 908 881 968 Gnathonis
902 927 1035 986 persona,
1051 910 1132 986 quod
1177 948 1179 956 ·

82 1013 124 1065 04
134 1007 223 1066 amici
251 1023 344 1082 genus
371 1007 509 1066 adhibere
533 1007 655 1066 o'rnnino
680 1007 800 1066 levitatis
827 1017 879 1066 est
921 1007 1007 1065 Multi
1035 1017 1132 1066 autem
1197 991 1211 1006 “

135 1105 329 1165 Gnathonum
349 1105 456 1163 similes
475 1124 543 1164 curn
562 1106 627 1175 sint,
638 1106 715 1176 loco,
730 1105 853 1177 fortuna,
869 1105 945 1163 fama
962 1106 1132 1181 superiores,

134 1203 242 1262 horum
266 1211 310 1260 est
330 1203 494 1261 adsentatio
519 1203 651 1276 molesta,
676 1221 745 1261 cum
770 1203 808 1261 ad
832 1203 988 1261 vanitatem
1011 1204 1132 1262 accessit

87 1313 127 1366 95
135 1303 300 1360 auctoritas.
343 1301 461 1361 Secerni
480 1314 577 1362 autem
597 1302 722 1362 blandus
742 1305 853 1361 amicus
874 1319 976 1361 avero
997 1312 1026 1360 et
1046 1303 1132 1360 inter-

134 1400 219 1458 nosci
240 1411 300 1458 tam
321 1409 417 1475 potest
440 1401 570 1460 adhibita
591 1400 738 1476 diligentia
759 1418 846 1477 quam
867 1400 966 1458 omnia
987 1400 1082 1458 fucata
1103 1408 1132 1470 et

134 1497 271 1556 simulata
284 1517 302 1555 a
316 1498 434 1557 sinceris
448 1508 536 1574 atque
550 1499 632 1557 veris.
675 1497 792 1569 Contio,
807 1515 881 1573 quae
893 1516 928 1555 ex
943 1498 1132 1574 imperitissu-

134 1597 192 1654 mis
214 1606 335 1667 constat,
349 1605 449 1654 tamen
469 1598 595 1656 iudicare
617 1598 699 1668 solet,
722 1596 792 1674 quid
812 1598 923 1656 intersit
943 1598 1017 1655 inter
1038 1616 1132 1674 popu-

134 1695 236 1765 larem,
247 1694 278 1754 id
292 1703 336 1754 est
345 1694 559 1754 adsentatorem
570 1705 598 1753 et
609 1695 702 1754 levem
712 1684 814 1765 civem,
826 1705 854 1754 et
865 1696 938 1754 inter
949 1704 1131 1753 constantem

84 1801 126 1853 96
136 1802 169 1850 et
186 1807 316 1850 severum
335 1802 365 1851 et
382 1811 507 1868 gravem.
550 1794 665 1866 Quibus
682 1793 827 1851 blanditiis
846 1792 880 1851 C.
895 1792 1025 1868 Papirius
1039 1810 1133 1868 nuper

135 1889 277 1948 influebat
289 1890 320 1947 in
334 1891 410 1949 auris
429 1892 584 1956 contionis,
599 1909 666 1950 curn
680 1893 765 1950 ferret
784 1892 880 1966 legem
895 1890 931 1949 de
952 1891 1074 1949 tribunis
1093 1892 1131 1967 pl.

136 1988 317 2047 reficiendis!
343 1988 531 2048 dissuasimus
551 2008 606 2048 nos
616 2009 625 2063 3
651 1990 703 2049 sed
720 1991 791 2048 nihil
810 1989 846 2048 de
865 2008 922 2061 me,
936 1990 973 2047 de
995 1989 1133 2066 Scipione
1187 1967 1212 1980 μ
1238 1978 1244 1988 ’

137 2086 235 2146 dicam
262 2087 413 2145 libentius:
447 2099 556 2164 quanta
580 2089 636 2160 illa,
661 2089 691 2146 di
718 2088 894 2158 inmortales,
920 2087 973 2145 suit
1000 2089 1132 2163 gravitas,

137 2194 248 2262 quanta
261 2185 292 2242 in
305 2185 435 2244 oratione
449 2187 602 2245 maiestas!
620 2196 650 2244 ut
665 2186 748 2246 facile
763 2186 867 2244 ducem
881 2186 980 2262 populi
997 2185 1133 2258 Romani,

138 2300 201 2341 non
214 2282 352 2340 comitem
367 2283 484 2342 diceres
521 2284 580 2342 Sed
594 2284 724 2343 adfuistis
738 2292 767 2342 et
781 2293 823 2342 est
838 2283 868 2341 in
883 2285 1018 2343 manibus
1032 2286 1134 2344 oratio.

138 2381 243 2456 ltaque
257 2381 305 2438 lex
319 2381 465 2457 popularis
483 2382 626 2458 suffragiis
643 2381 745 2458 populi
764 2381 915 2457 repudiata
933 2350 994 2489 esss
1027 2383 1134 2460 Atque,

139 2488 171 2535 ut
184 2478 222 2537 ad
236 2497 285 2537 me
298 2479 424 2551 redeam,
440 2481 619 2550 meministis,
636 2479 673 2550 Q.
690 2477 822 2536 Maximo
841 2478 926 2537 fratre
945 2479 1090 2556 Scipionis
1104 2494 1134 2540 et

141 2577 176 2636 L.
191 2577 334 2637 Mancino
349 2579 525 2650 consulibus,
540 2596 629 2654 quarn
642 2577 789 2653 popularis
804 2577 849 2634 lex
864 2577 901 2635 de
916 2579 1084 2638 sacerdotiis
1099 2579 1133 2639 C.
1189 2604 1208 2616 .„
1225 2611 1230 2618 ·

140 2674 245 2734 Licinii
273 2674 369 2735 Crassi
396 2675 560 2734 videbaturl
606 2673 764 2750 Cooptatio
785 2676 862 2733 enim
888 2675 1074 2750 collegiorum
1099 2678 1137 2735 ad

140 2773 242 2848 populi
255 2774 430 2832 beneficium
448 2773 678 2844 transferebatur,
694 2783 779 2849 atque
794 2773 818 2832 is
837 2773 947 2850 primus
967 2775 1087 2832 instituit
1106 2775 1136 2832 in

140 2870 237 2929 forum
258 2890 357 2930 versus
383 2889 469 2947 agere
492 2889 560 2930 cum
585 2869 713 2948 populo:
742 2880 840 2930 tamen
864 2871 938 2930 illius
962 2873 1137 2931 vendibilem
1208 2888 1222 2926 ι

141 2967 304 3027 orationem
325 2969 426 3045 religio
448 2970 568 3028 deorum
590 2969 785 3027 inmortalium
807 2969 893 3027 nobis
915 2969 1136 3028 defendentibus

141 3065 225 3125 facile
239 3068 379 3127 vincebat.
420 3067 517 3144 Atque
531 3068 562 3125 id
576 3078 673 3126 actum
690 3076 734 3126 est
752 3078 885 3142 praetore
904 3085 961 3138 me,
976 3069 1137 3143 quinquen-

142 3165 192 3222 nio
206 3175 273 3223 ante
287 3183 375 3241 quam
389 3166 493 3224 consul
503 3183 568 3224 sum
582 3164 692 3225 factus:
714 3165 754 3223 ita
767 3182 797 3223 re
812 3164 906 3240 magis
920 3183 1009 3242 quam
1023 3183 1137 3224 summa

142 3262 310 3320 auctoritate
323 3280 410 3320 causa
423 3263 471 3320 illa
486 3261 605 3320 defensa
617 3271 671 3321 est.

98 3368 137 3422 97
189 3363 236 3421 26.
264 3358 355 3432 Quod
372 3361 396 3419 si
416 3361 447 3419 in
467 3379 583 3432 scaena,
597 3362 629 3420 id
647 3371 691 3420 est
711 3361 741 3420 in
762 3359 907 3433 contione,
922 3362 952 3420 in
973 3381 1032 3438 qua
1052 3364 1138 3422 rebus

144 3457 217 3516 fictis
231 3466 261 3516 et
275 3458 451 3517 adumbratis
469 3457 526 3517 loci
546 3459 701 3534 plurimum
722 3471 773 3530 est,
788 3471 887 3518 tamen
901 3479 1000 3519 verum
1015 3462 1097 3529 valet,
1113 3461 1139 3520 si

144 3556 236 3617 modo
250 3557 279 3618 id
293 3553 468 3635 patefactum
482 3571 511 3618 et
530 3555 710 3618 inlustratum
730 3568 781 3631 est,
797 3558 866 3636 quid
885 3559 915 3616 in
935 3559 1059 3618 amicitia
1078 3559 1138 3618 fieri
