2662 3908
522 255 569 310 bn
590 255 771 312 AMICITIA.
1101 273 1143 341 37

145 425 267 480 naturae
291 428 401 498 aptum,
425 427 486 480 tam
512 420 691 480 conveniens
717 419 756 478 ad
783 436 830 477 res
854 416 899 476 vel
927 415 1070 477 secundas
1095 417 1140 476 vel

95 525 136 578 18
145 520 303 580 adversam
334 520 392 580 Sed
410 520 467 579 hoc
487 520 614 598 primurn
635 518 738 586 sentio,
752 517 808 576 nisi
828 518 860 575 in
879 517 965 576 bonis
985 516 1140 574 amicitiam

145 633 210 674 esse
229 635 292 675 non
310 636 415 694 posse:
438 635 533 693 neque
553 617 584 674 id
598 617 637 674 ad
650 617 746 673 vivum
764 633 873 686 reseco,
888 625 920 673 ut
937 615 985 685 illi,
1000 615 1049 690 qui
1068 613 1140 671 haec

144 714 278 772 subtilius
292 716 445 786 disserunt,
457 715 577 774 fortasse
588 733 661 796 vere,
673 713 725 772 sed
739 713 777 771 ad
788 730 975 772 communem
989 713 1139 770 utilitatem

145 827 267 888 parum;
302 822 412 889 negant
439 813 518 871 enirn
540 830 717 888 quemquam
741 828 805 869 esse
827 811 921 868 virum
946 813 1057 869 bonum
1085 810 1141 867 nisi

146 909 318 985 sapientem.
361 909 403 968 Sit
417 911 456 968 ita
470 929 557 969 sane:
578 910 708 981 sedeam
723 909 896 985 sapientiam
910 909 1139 984 interpretantur,

145 1024 237 1082 quarn
257 1008 353 1067 adhuc
374 1008 503 1067 mortalis
524 1025 613 1068 nemo
633 1018 678 1066 est
698 1016 880 1078 consecutus,
901 1023 956 1065 nos
976 1015 1074 1064 autern
1096 1024 1140 1076 ea,

145 1122 221 1180 quae
241 1115 308 1164 sunt
328 1106 359 1162 in
379 1124 434 1165 usu
447 1105 742 1182 vitaquccommuni
757 1121 818 1162 non
839 1122 881 1174 ea,
896 1121 972 1178 quae
992 1103 1140 1179 finguntur
1201 1149 1227 1180 ι,

145 1211 196 1260 aut
216 1212 360 1277 optantur,
376 1215 507 1280 spectare
528 1204 677 1263 debemus.
700 1205 701 1210 ’
719 1201 888 1278 Numquam
910 1218 967 1276 ego
988 1201 1082 1260 dicam
1104 1200 1139 1259 C.
1193 1227 1208 1243 ν’

145 1287 319 1371 Fabricium,
345 1301 397 1362 M’.
419 1301 548 1373 Curium,
573 1302 621 1360 Ti.
643 1300 869 1370 Coruncanium,
898 1316 973 1374 quos
1001 1299 1139 1374 sapientis
1201 1325 1211 1350 ι

145 1399 237 1456 nostri
257 1399 383 1458 maiores
404 1399 580 1469 iudicabant,
599 1398 637 1456 ad
657 1398 778 1455 istorum
798 1414 933 1454 normam
953 1394 1041 1454 fuisse
1063 1397 1140 1472 sapi·

146 1495 239 1566 entis3
258 1515 360 1572 quare
375 1498 429 1555 sibi
442 1497 569 1556 habeant
584 1496 742 1572 sapientiae
755 1512 867 1552 nomen
880 1504 909 1551 et
923 1493 1097 1552 invidiosum
1112 1502 1141 1552 et

146 1581 313 1664 obscurum,
334 1570 514 1653 coTcedant
520 1604 557 1652 ut
571 1594 628 1651 viri
629 1590 733 1650 boni
743 1589 855 1650 fuerint.
899 1591 946 1650 Ne
970 1592 1001 1649 id
1022 1592 1140 1667 quidem

102 1687 271 1748 19facient:
292 1690 443 1764 negabunt
459 1690 490 1748 id
509 1689 565 1748 nisi
585 1689 708 1765 sapienti
726 1707 813 1764 posse
835 1687 965 1747 concedi.
967 1685 990 1798 J
1006 1689 1140 1763 Agamus
1234 1689 1243 1712 ¹

146 1773 233 1861 igitur
246 1786 356 1861 pingui,
371 1797 404 1843 ut
418 1786 669 1862 aiuntLMinerva:
692 1787 741 1862 qui
755 1787 795 1844 ita
809 1803 840 1844 se
854 1794 967 1862 gerunt,
982 1785 1020 1844 ita
1034 1787 1138 1854 vivunt,
1171 1777 1176 1782 ’
1237 1785 1248 1808 ¹

145 1892 178 1941 ut
198 1901 300 1941 eorum
320 1884 458 1960 probetur
478 1885 559 1956 fides,
580 1885 737 1962 integritas,
752 1884 888 1960 aequitas,
908 1883 1070 1953 liberalitas
1085 1902 1139 1940 nec

147 1982 183 2039 sit
201 1981 232 2038 in
250 1981 292 2040 eis
306 1981 364 2039 ulla
384 1982 536 2058 cupiditas,
550 1981 649 2053 libid0,
664 1981 792 2051 audacia,
808 1982 921 2057 sintque
941 1998 1049 2057 magna
1070 1998 1139 2038 con-

145 2079 256 2148 stantia,
272 2088 303 2136 ut
321 2078 340 2135 ii
357 2078 479 2150 fuerunt,
494 2079 585 2136 modo
600 2096 675 2154 quos
696 2079 851 2148 nominavi,
869 2079 963 2136 hos
938 2096 1015 2136 v1r0s
1033 2078 1138 2151 bonos,

144 2187 178 2234 ut
190 2175 280 2234 habiti
294 2186 370 2247 sunt,
382 2178 423 2236 sic
434 2178 521 2236 etiarn
536 2177 725 2254 appellandos
739 2188 883 2252 putemus,
894 2171 961 2252 quia
976 2189 1138 2253 sequantur,

147 2286 287 2350 quantum
306 2274 441 2333 homines
461 2286 593 2351 possunt,
608 2286 739 2334 naturam
761 2286 912 2351 optumam
932 2275 1007 2333 bene
1026 2276 1139 2335 vivendi

147 2373 261 2432 ducem.
303 2373 350 2433 Sic
364 2374 443 2432 enirn
457 2374 528 2432 mihi
542 2375 705 2451 perspicere
721 2374 829 2446 videor,
844 2375 883 2433 ita
897 2385 982 2433 natos
996 2393 1060 2434 esse
1074 2394 1139 2448 nos,

146 2481 179 2530 ut
205 2474 279 2531 inter
305 2474 403 2532 omnis
430 2483 506 2533 esset
533 2475 656 2533 societas
683 2473 834 2549 quaedam,
859 2473 953 2531 maior
980 2484 1084 2544 autem,
1109 2485 1140 2532 ut

145 2570 266 2646 quisque
293 2571 425 2647 proxime
454 2564 612 2630 accederet.
664 2571 765 2647 Itaque
794 2572 869 2630 cives
896 2571 1024 2647 potiores
1052 2590 1140 2647 quam

145 2668 297 2744 peregrini,
317 2669 473 2745 propinqui
494 2687 582 2745 quam
603 2669 707 2728 alieni:
733 2687 800 2727 cum
822 2668 865 2726 his
886 2670 964 2726 enim
985 2669 1139 2727 amicitiam

144 2776 246 2824 natura
260 2767 323 2842 ipsa
337 2768 455 2842 peperit,
467 2767 518 2827 sed
528 2785 560 2826 ea
577 2783 639 2825 non
653 2768 723 2824 satis
737 2765 824 2824 habet
838 2766 978 2824 firmitatis
986 2785 994 2836 ;
1012 2786 1138 2844 namque

144 2864 200 2924 hoc
224 2872 351 2941 praestat
373 2865 498 2924 amicitia
521 2865 737 2941 propinquitati,
761 2865 841 2940 quod
863 2882 899 2922 ex
925 2865 1138 2941 propinquitate

143 2962 344 3021 benevolentia
365 2961 427 3020 tolli
451 2972 554 3038 potest,
581 2981 618 3021 ex
643 2962 769 3021 amicitia
793 2980 855 3020 non
879 2973 994 3038 potest;
1026 2963 1139 3021 sublata

143 3060 223 3118 enim
246 3059 446 3118 benevolentia
473 3061 616 3118 amicitiae
643 3077 753 3118 nomen
780 3060 893 3132 tollitur,
916 3061 1138 3137 propinquitatis

91 3162 251 3216 20manet.
293 3154 412 3227 Quanta
439 3166 535 3216 autem
557 3159 599 3215 vis
624 3158 766 3216 amicitiae
795 3158 899 3228 sinex
928 3157 985 3216 hoc
998 3133 1137 3232 ”intellegi

143 3255 270 3312 maxime
291 3263 395 3329 potest,
417 3254 496 3329 quod
517 3271 554 3312 ex
578 3254 689 3310 infinita
712 3254 848 3313 societate
871 3255 984 3331 generis
1009 3253 1136 3323 humani,

144 3370 232 3427 quam
246 3351 434 3410 conciliavit
426 3368 489 3425 rpsa
503 3361 613 3420 natura,
628 3351 668 3408 ita
682 3360 831 3409 contracta
845 3371 890 3410 res
904 3362 948 3410 est
967 3360 995 3410 et
1012 3351 1168 3411 adducta

143 3449 174 3507 in
188 3460 352 3524 angustum,
366 3458 398 3507 ut
412 3447 508 3508 omnis
523 3449 624 3508 caritas
639 3457 687 3507 aut
701 3447 774 3505 inter
788 3448 862 3508 duos
877 3459 925 3509 aut
939 3450 1011 3508 inter
1025 3467 1136 3551 paucos
1162 3461 1168 3525 t

143 3507 410 3660 iungeretujff‘
1133 3543 1137 3608 l
