2662 3908
183 224 227 296 54
483 218 524 274 ra.
548 221 666 275 runnu
686 220 876 272 orcnnoms

52 392 147 460 (6)1n·
225 379 284 441 Sed
297 382 457 442 maximum
470 392 515 442 est
534 383 564 440 in
579 381 703 441 amicitia
721 397 822 459 parem
842 395 906 442 esse
925 381 1068 456 inferiori;
1090 397 1178 459 saepe
1192 364 1244 440 69¹

51 459 261 572 ffiffilffisenim
289 480 474 539 excellentiae
496 480 641 557 quaedam
668 491 744 552 sunt,
771 480 862 557 qualis
890 491 951 538 erat
976 479 1120 557 Scipionis
1147 478 1179 536 in

53 589 115 652 ship,
130 592 159 647 ts
184 587 294 647 nostro,
303 588 334 636 ut
347 577 386 635 ita
397 578 501 649 dicam,
510 595 616 654 grege:
638 596 798 654 numquam
809 597 841 636 se
855 578 901 636 ille
912 578 1004 650 Philo,
1016 593 1179 653 numquam

53 653 141 718 ⁶⁹‘74
185 672 311 748 Rupilio,
326 692 488 749 numquam
503 674 648 734 Mummio
668 675 841 751 anteposuit,
855 693 1017 751 numquam
1035 674 1180 734 inferioris

185 769 295 834 ordinis
315 771 432 844 amieis;
454 771 598 844 Quintum
615 789 683 830 vero
704 772 869 831 Maximum
890 771 1016 845 fratrem,
1031 772 1180 848 egregium

184 871 276 928 virum
303 871 434 943 omnino,
463 872 519 930 sibi
546 889 730 947 nequaquam
757 889 866 947 parem,
891 871 971 947 quod
997 871 1023 930 is
1050 870 1181 928 anteibat

185 977 286 1039 aetate,
305 977 455 1046 tamquam
476 969 654 1044 superiorem
675 969 790 1027 colebat
810 986 937 1044 suosque
955 969 1053 1027 omnis
1073 986 1126 1044 per
1146 985 1180 1026 se

186 1083 250 1124 esse
265 1066 420 1144 ampliores
435 1066 556 1126 volebat.
600 1064 691 1137 Quod
704 1066 868 1126 faciendum
886 1067 1116 1142 imitandumque
1135 1073 1180 1124 est
1195 1069 1244 1124 70

186 1162 332 1234 omnibus,
346 1173 386 1234 ut,
403 1163 427 1222 si
448 1182 536 1241 quam
557 1164 765 1240 praestantiam
782 1165 899 1234 virtutis,
913 1164 1030 1239 ingenii,
1046 1163 1181 1222 fortunae

187 1261 339 1320 consecuti
372 1261 438 1331 sint,
466 1261 633 1336 impertiant
659 1279 696 1319 ea
723 1259 781 1319 suis
808 1263 1082 1336 communicentque
1110 1276 1181 1318 cum

187 1358 347 1434 proximis3
368 1367 409 1429 ut,
420 1357 444 1416 si
458 1359 625 1432 parentibus
639 1358 699 1416 nati
713 1358 771 1416 sint
783 1357 948 1427 humilibus,
960 1357 984 1415 si
998 1357 1181 1433 propinquos

188 1455 315 1516 habeant
334 1455 526 1514 inbecilliores
542 1456 587 1514 vel
608 1456 708 1514 animo
727 1456 773 1514 vel
793 1455 917 1524 fortuna,
933 1473 1035 1513 eorum
1055 1463 1182 1529 augeant

189 1571 262 1629 opes
272 1555 371 1630 eisque
381 1552 484 1611 honori
499 1554 556 1612 sint
566 1563 595 1612 et
606 1554 753 1629 dignitati3
767 1563 800 1611 ut
814 1553 844 1611 in
858 1551 970 1621 fabulis,
981 1551 1030 1627 qui
1040 1551 1182 1626 aliquam·

190 1651 239 1710 diu
250 1660 367 1727 propter
374 1651 587 1727 ignorationem
599 1651 694 1726 stirpis
705 1660 733 1709 et
743 1650 857 1727 generis
868 1650 898 1707 in
909 1648 1046 1706 famulatu
1057 1648 1182 1718 fuemnt,

190 1765 257 1806 cum
271 1748 380 1824 cogniti
394 1758 509 1808 suntet
528 1759 578 1807 aut
596 1748 717 1807 deorum
735 1757 784 1806 aut
802 1765 906 1823 regum
919 1747 969 1805 lilii
983 1747 1100 1817 inventi,
1114 1745 1183 1805 reti-

189 1855 260 1905 nent
273 1857 372 1906 tamen
386 1848 534 1906 caritatem
552 1847 583 1904 in
602 1857 742 1923 pastores,
758 1863 833 1922 quos
849 1854 945 1922 patres
960 1845 1067 1903 multos
1086 1859 1185 1902 annos

190 1963 254 2005 esse
282 1945 444 2005 duxerunt:
476 1943 557 2022 quod
584 1952 629 2004 est
654 1944 755 2021 multo
775 1943 906 2020 profecto
933 1943 1027 2018 magis
1054 1942 1085 1999 in
1107 1941 1183 1999 veris

190 2043 318 2120 patribus
332 2043 475 2120 certisque
489 2043 673 2116 faciendum
694 2042 803 2100 fruetus
818 2041 895 2100 enim
910 2040 1019 2115 ingenii
1033 2049 1062 2097 et
1072 2038 1183 2097 virtutis

190 2142 344 2218 omnisque
363 2141 555 2218 praestantiae
574 2149 637 2199 tum
655 2139 801 2198 maximus
820 2138 939 2214 capitur,
954 2154 1022 2195 cum
1040 2137 1071 2194 in
1084 2136 1183 2212 proxi·

191 2258 272 2300 mum
286 2257 432 2317 quemque
446 2223 618 2325 confertum]

236 2336 286 2394 20.
307 2335 349 2395 Ut
372 2337 458 2413 igitur
480 2337 508 2408 ii,
529 2336 581 2411 qui
605 2336 723 2395 suntin
747 2335 889 2396 amicitiae
913 2331 1183 2409 coniunctionisque
1198 2337 1238 2392 71

191 2433 402 2496 necessitudine
423 2433 593 2510 superiores
606 2450 770 2514 exaequare
790 2451 822 2492 se
843 2449 910 2491 cum
930 2431 1111 2490 inferioribus
1132 2430 1183 2488 de-

191 2536 271 2604 bent,
295 2533 337 2592 sic
360 2531 509 2590 inferiores
533 2549 595 2590 non
616 2531 715 2590 dolere
738 2547 770 2589 se
794 2547 812 2588 a
836 2530 895 2588 suis
919 2540 968 2588 aut
991 2529 1110 2605 ingenio
1134 2536 1185 2586 aut

192 2634 306 2692 fortuna
320 2639 370 2688 aut
379 2629 518 2705 dignitate
532 2615 675 2706 superari;
691 2645 814 2706 quorum
825 2627 953 2704 plerique
968 2637 1017 2686 aut
1027 2635 1185 2704 queruntur

193 2748 308 2806 semper
322 2728 431 2803 aliquid
445 2737 494 2786 aut
507 2727 595 2786 etiam
609 2729 793 2803 exprobrant,
809 2742 903 2802 eoque
917 2725 1020 2800 magis,
1035 2725 1060 2783 si
1078 2723 1186 2783 habere

194 2849 226 2890 se
243 2826 439 2905 putantquod
453 2825 582 2884 officiose
600 2835 630 2883 et
649 2827 742 2883 amice
761 2834 791 2883 et
809 2842 876 2883 cum
895 2824 994 2882 labore
1012 2823 1111 2899 aliquo
1131 2839 1186 2880 suo

193 2929 302 2987 factum
316 2933 424 3002 queant
439 2923 551 2981 dicere:
574 2922 710 2981 odiosum
723 2939 795 2980 sane
813 2939 907 2998 genus
923 2921 1076 2980 hominum
1090 2919 1187 2978 officia

194 3023 438 3102 exprobrantium,
460 3039 534 3098 quae
558 3021 726 3078 meminisse
747 3019 834 3079 debet
855 3020 888 3090 is,
910 3019 940 3077 in
962 3037 1049 3095 quern
1071 3018 1186 3077 conlata

195 3135 270 3194 sunt,
284 3141 346 3182 non
368 3136 597 3180 commemorare
611 3117 659 3194 qui
681 3118 809 3177 contulit
852 3116 950 3189 Quam
969 3119 1009 3176 ob
1023 3135 1093 3188 rem,
1107 3125 1139 3175 ut
1158 3117 1186 3186 ii,
1199 3121 1244 3177 72

195 3223 245 3300 qui
269 3222 431 3298 superiores
459 3227 534 3288 sunt,
559 3217 725 3275 submittere
750 3235 782 3274 se
807 3214 914 3274 debent
935 3215 966 3272 in
989 3214 1122 3285 amicitia,
1145 3214 1188 3272 sic

195 3321 325 3398 quodam
346 3317 435 3375 modo
456 3315 606 3374 inferiores
627 3313 774 3373 extollere.
816 3310 889 3371 Sunt
903 3312 981 3370 enim
996 3311 1123 3389 quidam,
1138 3312 1189 3388 qui

196 3418 335 3477 molestas
356 3414 495 3472 amicitias
520 3411 637 3481 faciunt,
661 3428 730 3468 cum
754 3410 809 3488 ipsi
838 3429 870 3469 se
894 3411 1042 3470 contemni
1066 3419 1187 3486 putant;

198 3516 279 3596 quod
292 3531 354 3572 non
368 3512 426 3571 sere
442 3509 583 3586 contingit
602 3508 657 3569 nisi
675 3508 717 3582 iis,
733 3507 782 3586 qui
801 3508 888 3568 etiam
907 3507 1137 3568 contemnendos
1155 3524 1189 3568 se
