2662 3908
514 285 560 334 ne
583 282 762 336 emeram.
1083 291 1122 363 51

139 446 251 508 amicus
270 465 334 508 esse
354 447 459 524 poterit
477 446 511 517 ei,
527 447 574 506 cui
592 464 625 506 se
644 446 757 523 putabit
776 443 924 504 inimicum
943 461 1008 505 esse
1025 444 1134 521 posse?

140 543 323 615 Quinetiam
337 563 457 605 necesse
472 545 523 604 erit
537 563 642 620 cupere
657 555 685 603 et
699 554 800 622 optare
814 554 846 602 ut
860 562 948 620 quarn
967 542 1134 620 saepissime

138 650 243 716 peccet
256 643 376 713 amicus,
391 661 451 720 quo
465 643 553 720 pluris
568 642 617 700 det
635 642 690 702 sibi
708 652 857 718 tamquam
875 658 962 699 ansas
980 641 1018 698 ad
1036 658 1136 716 uepres

137 737 345 812 hendendum;
374 758 472 800 rursus
496 751 595 800 autem
618 749 694 798 recte
716 739 799 798 factis
820 738 1042 813 commodisque
1063 727 1135 796 amiss

88 838 243 893 docorum
266 833 400 917 [necesse
428 832 494 917 erit]
519 837 595 914 angi,
618 837 724 907 dolere,
749 836 883 894 invidere.
934 834 1002 907 Qua
1025 852 1056 893 re
1076 834 1134 894 hoc

138 932 260 1008 quidem
270 946 468 1011 praeceptum,
481 935 687 1010 cuiuscumque
697 943 749 1003 est,
762 933 799 992 ad
811 933 967 991 tollendam
978 932 1134 991 amicitiam

138 1030 230 1090 valet:
258 1031 328 1090 illud
348 1033 443 1108 potius
467 1031 706 1109 praecipiundum
729 1030 790 1100 fuit,
811 1040 844 1104 ut
867 1047 933 1088 eam
957 1021 1134 1105 diligentiam

138 1127 342 1188 adhiberemus
363 1130 394 1187 in
415 1129 547 1188 amicitiis
566 1128 778 1204 comparandis,
791 1137 823 1184 ut
842 1145 879 1185 ne
898 1127 1017 1203 quando
1036 1145 1134 1186 amare

138 1227 333 1302 inciperemus
354 1246 430 1298 eum,
448 1245 536 1302 quem
557 1225 713 1302 aliquando
733 1225 830 1284 odisse
849 1241 1010 1302 possemus.
1053 1223 1133 1296 Quin

139 1325 227 1382 etiam
247 1325 387 1383 siminus
408 1324 505 1382 felices
524 1324 555 1382 in
575 1323 730 1399 deligendo
751 1323 914 1392 fuissemus,
932 1321 1082 1380 ferendum
1103 1321 1134 1379 id

140 1419 240 1497 Scipio
255 1423 351 1500 potius
369 1439 458 1498 quam
477 1421 690 1480 inimicitiarum
709 1428 825 1497 tempus
844 1419 1032 1496 cogitandum
1051 1429 1133 1496 puta·

138 1519 198 1576 bat

92 1622 131 1675 61
177 1618 224 1678 17.
248 1617 305 1676 His
318 1618 404 1695 igitur
418 1619 524 1678 finibus
543 1617 683 1678 utendum
702 1618 831 1689 arbitror,
845 1627 885 1689 ut,
901 1635 969 1676 cum
988 1615 1133 1675 emendati

138 1731 236 1773 mores
261 1716 421 1775 amicorum
449 1717 513 1788 sint,
538 1726 600 1774 tum
628 1716 664 1775 sit
691 1716 841 1774 intereos
868 1715 1000 1772 omnium
1026 1730 1133 1784 rerum,

138 1812 334 1884 consiliorum,
355 1814 535 1873 voluntatum
564 1813 627 1872 sine
650 1813 709 1871 ulla
733 1812 904 1888 exceptione
929 1811 1131 1881 communitas,

138 1919 171 1968 ut
184 1911 280 1982 etiam,
295 1912 320 1970 si
334 1929 392 1988 qua
406 1912 522 1971 fortuna
541 1911 677 1970 acciderit
696 1920 727 1970 ut
745 1910 842 1968 minus
860 1910 951 1968 iustae
971 1910 1131 1967 amicorum

139 2007 299 2068 voluntates
314 2009 492 2068 adiuvandae
507 2010 570 2081 sint,
586 2010 734 2086 inquibus
752 2025 855 2067 eorum
868 2018 918 2066 aut
931 2017 1017 2083 caput
1030 2017 1131 2082 agatur

139 2116 190 2164 aut
203 2105 287 2177 sama,
303 2106 507 2166 declinandum
527 2108 564 2166 de
577 2107 623 2165 via
637 2108 680 2178 sit,
695 2107 785 2165 modo
800 2125 838 2165 ne
857 2124 971 2165 summa
984 2105 1130 2182 turpitudo

139 2215 292 2280 sequatur,
324 2215 368 2263 est
393 2205 472 2263 enim
500 2214 641 2282 qnatenus
665 2205 807 2264 amicitiae
834 2204 896 2263 dari
919 2205 1003 2262 venia
1029 2193 1155 2280 possiti

140 2302 205 2361 Nee
224 2319 292 2361 vero
311 2303 492 2379 neglegenda
511 2314 555 2363 est
576 2303 661 2375 fama,
676 2321 731 2362 nec
749 2303 895 2361 mediocre
916 2302 1006 2361 telum
1027 2302 1064 2360 ad
1084 2320 1141 2360 res

137 2401 280 2476 gerendas
307 2401 470 2459 existimare
497 2410 612 2477 oportet
640 2400 872 2459 benevolentiam
900 2399 1014 2470 civium,
1042 2417 1132 2477 quam

136 2498 282 2557 blanditiis
306 2508 335 2557 et
359 2498 542 2557 adsentando
567 2497 712 2574 conligere
734 2507 817 2575 turpe
838 2508 897 2557 est:
925 2498 1021 2569 virtus,
1043 2515 1132 2574 quam

84 2602 128 2655 62
137 2596 265 2672 sequitur
285 2596 396 2667 caritas,
413 2596 533 2654 minime
552 2596 732 2672 repudianda
751 2607 804 2656 est.
848 2595 1034 2672 Sed-saepe
1054 2597 1131 2654 enim
1146 2605 1184 2668 (4)
1200 2604 1294 2654 Choloe

136 2693 226 2752 redeo
244 2693 283 2752 ad
302 2693 478 2769 Scipionem,
500 2693 582 2753 cuius
603 2694 699 2753 omnis
718 2711 813 2753 sermo
833 2703 894 2752 erat
912 2693 949 2752 de
967 2694 1131 2752 amicitia—
1145 2670 1280 2795 {gfff}

136 2792 316 2867 querebatur,
342 2791 423 2867 quod
447 2792 583 2850 omnibus
606 2791 637 2849 in
661 2793 749 2850 rebus
773 2790 908 2850 homines
936 2791 1131 2867 diligentiores

136 2897 248 2947 essent:
277 2907 378 2964 capras
398 2898 427 2946 et
448 2890 510 2947 ovis
533 2898 604 2965 quot
625 2889 748 2966 quisque
769 2889 889 2948 haberet
914 2889 1009 2948 dicere
1033 2908 1130 2966 posse,

135 2985 246 3044 amicos
270 2995 341 3062 quot
361 2985 479 3046 haberet
500 3003 561 3045 non
581 3005 669 3063 posse
694 2986 807 3059 dicere;
837 2997 866 3046 et
886 2987 917 3045 in
938 2986 991 3046 illis
1011 2987 1129 3064 quidem

135 3082 271 3159 parandis
296 3083 433 3143 adhibere
458 3102 564 3156 curam,
586 3085 618 3142 in
638 3085 740 3144 amicis
765 3085 925 3161 deligendis
948 3086 1129 3162 neglegentis

134 3199 198 3239 esse
219 3198 275 3240 nec
292 3179 397 3238 habere
416 3180 498 3258 quasi
520 3182 603 3258 signa
622 3182 768 3259 quaedam
786 3193 815 3240 et
833 3193 926 3252 notas,
947 3184 1050 3260 quibus
1069 3202 1129 3254 eos,

135 3279 184 3355 qui
198 3278 237 3336 ad
251 3277 407 3336 amicitiam
421 3288 518 3337 essent
537 3277 643 3349 idonei,
658 3280 825 3338 iudicarent
869 3279 942 3339 Sum
955 3280 1040 3356 igitur
1053 3280 1128 3338 firmi

134 3385 163 3436 et
183 3375 298 3435 stabiles
319 3386 347 3434 et
368 3385 534 3434 constantes
558 3376 693 3452 eligendi,
714 3377 795 3436 cuius
817 3379 931 3453 generis
956 3388 1000 3437 est
1020 3395 1128 3454 magna

133 3475 253 3550 penuria
263 3493 271 3546 ;
292 3483 321 3532 et
337 3473 462 3532 iudicare
482 3473 595 3532 difficile
614 3483 658 3532 est
677 3492 747 3533 sane
765 3474 820 3533 nisi
840 3485 999 3551 expertum,
1014 3478 1126 3552 experi-

133 3571 245 3630 undum
266 3581 362 3631 autem
386 3571 481 3632 estin
505 3571 570 3650 ipsa
594 3571 736 3632 amicitia:
766 3572 805 3632 ita
825 3574 983 3648 praecurrit
1002 3574 1127 3633 amicitia

590 3663 611 3704 n
626 3663 641 3702 a
